3017 4825
1428 435 1616 444 ...φ-..-
1633 436 1805 444 ...--—-

517 550 836 624 Caecilium
889 548 1139 631 Nigrum
1184 544 1458 612 siculum
1492 551 1731 628 egente,
1795 545 1896 626 qui
1959 553 2275 618 accusator
2301 548 2532 614 *Verris
2575 550 2725 613 fieri

515 649 823 727 studebat,
876 647 1172 716 Judaeum
1214 645 1471 727 appellat
1511 652 1575 707 et
1616 644 1694 708 de
1746 644 2018 710 ‹eo-‚iliud
2060 645 2230 720 dicit:
2292 646 2444 720 Quid
2482 647 2716 712 Judaeo

515 765 650 812 mim
691 747 919 826 Verre,
961 752 1168 810 notum
1206 744 1320 822 sit,
1363 761 1485 810 non
1513 744 1626 811 itm
1647 741 1856 812 audax,
1887 744 2028 810 mihi
2066 743 2277 816 videor
2295 790 2312 822 ‚
2353 746 2455 825 qui
2499 744 2720 807 Caeci-

514 848 655 914 lium
698 846 1060 911 Calactinum
1103 844 1535 924 Ciceronisque
1589 843 1650 904 in
1694 842 2031 910 accusando
2077 844 2268 906 Verre
2307 843 2718 912 adversarium

514 961 699 1010 uuum
741 943 1118 1023 eundemque
1168 942 1357 1008 fuisse
1410 941 1708 1006 hominem
1763 941 2036 1006 arbitror.
2112 941 2248 1006 Jam
2289 942 2340 1005 si
2381 941 2532 1006 haec
2569 961 2717 1009 vera

517 1044 940 1125 disputavimus
959 1088 978 1120 ,
1020 1061 1101 1110 ex
1139 1042 1275 1122 ipse
1314 1041 1610 1106 Cicerone
1641 1041 1784 1106 licet
1821 1058 1984 1110 nova
2022 1041 2313 1126 quaedam
2355 1040 2718 1106 deicaecitie

516 1142 819 1210 Calactino
868 1140 1106 1204 afferre.
1208 1139 1287 1204 In:
1333 1139 1462 1221 ipsa
1521 1140 1681 1204 enim
1741 1139 2103 1210 divinatione
2155 1140 2236 1204 Μ,
2272 1139 2443 1204 Tullii
2497 1142 2718 1203 acriter

516 1241 856 1322 exagitatur
894 1239 1214 1317 CaeciliuS‚
1284 1237 1447 1319 quod
1509 1256 1619 1300 eur
1675 1238 1961 1306 miremur
2010 1249 2135 1308 non
2173 1238 2378 1304 ·videe
2415 1254 2713 1316 caussam,

517 1342 745 1421 quippe*
778 1356 959 1419 quum
998 1344 1259 1418 meique
1298 1336 1667 1404 orationibus
1712 1353 1926 1402 coram.
1946 1336 2245 1418 judicibus
2285 1336 2521 1414 habitis,
2564 1351 2714 1416 quas

517 1438 910 1506 divinationes
981 1436 1282 1518 appellare
1344 1435 1654 1512 solebant,
1730 1435 2120 1504 vehementer
2189 1434 2583 1504 contenderet
2635 1434 2712 1498 de

517 1535 729 1598 eadem
751 1554 847 1598 re:
889 1542 1024 1597 uter
1057 1553 1091 1595 a
1115 1533 1414 1615 judicibus
1455 1535 1783 1615 eligeretur
1815 1533 1889 1595 ad
1921 1534 2316 1596 accusandum
2348 1534 2412 1595 C.
2439 1534 2712 1612 Verrem,

514 1640 853 1716 praetorem
894 1633 1055 1694 illum
1100 1634 1178 1694 ob
1218 1633 1524 1695 avaritiam
1564 1632 2016 1713 divitiarumque
2058 1632 2389 1713 cupidinem
2423 1631 2715 1696 famosis-

514 1734 744 1796 simum.
828 1732 1027 1805 Quare
1085 1749 1211 1793 nou
1234 1733 1455 1812 'magui
1496 1733 1840 1796 existimare
1865 1783 1870 1790 .
1892 1731 2212 1809 dehemus,
2269 1732 2320 1793 si
2355 1732 2589 1795 ‚Cicero
2650 1735 2712 1795 in

517 1832 713 1896 multis
754 1831 1129 1894 divinationis
1164 1831 1319 1893 locis
1361 1829 1594 1894 dicendi
1625 1830 1863 1893 Caecilii
1896 1831 2064 1912 Nigri
2091 1832 2223 1891 ¹vim
2261 1849 2335 1892 ac
2375 1830 2712 1893 facultatem

515 1930 816 1993 addubitat
852 1930 1137 2011 illumque
1179 1935 1245 1992 ut
1289 1930 1587 1992 hominem
1628 1930 1869 2008 rudem,
1923 1947 2003 1991 ne
2047 1929 2236 1991 dicam
2279 1930 2610 2011 improbum
2651 1927 2711 1995 in

513 2027 913 2109 suspicionem
966 2034 1177 2108 vocat,
1253 2047 1324 2089 ac
1359 2030 1411 2090 si
1464 2029 1521 2091 ei
1577 2027 1808 2091 virtutis
1866 2035 1967 2090 aut
2022 2028 2374 2091 eruditionis
2429 2045 2507 2090 ne
2569 2037 2712 2092 nota

518 2126 759 2208 quidem
811 2125 966 2188 insit.
1071 2123 1191 2189 Sed
1245 2144 1473 2189 summa
1527 2118 1932 2208 quantumque
1990 2126 2227 2188 videtur
2285 2125 2443 2189 haud
2493 2126 2715 2210 injusta

519 2242 769 2303 mussa,
832 2242 941 2286 cur
981 2223 1311 2304 reprobare
1353 2223 1589 2288 studeat
1629 2223 1981 2301 Caecilium,
2028 2224 2106 2288 M.
2148 2225 2338 2288 Tullio
2392 2224 2544 2290 haec
2585 2225 2713 2304 fuit,

514 2324 677 2406 quod
716 2323 923 2401 illum,
948 2322 1072 2402 qui,
1094 2324 1432 2401 quaestoris
1477 2341 1727 2386 munere
1763 2324 1879 2387 sub
1921 2324 2112 2387 Verre
2151 2330 2434 2405 praetore
2474 2324 2714 2390 functus

514 2430 707 2500 esset,
745 2462 748 2466 ι
777 2429 844 2484 ut
883 2422 1196 2484 satellitem
1256 2429 1317 2483 et
1361 2422 1764 2485 administrum
1802 2424 2184 2505 plurimorum
2222 2424 2716 2487 sceler-umfrid-

512 2538 851 2600 notumque
890 2538 927 2582 a
950 2519 1143 2582 Verre
1175 2519 1579 2602 perfectorum
1611 2520 2017 2604 repellendum
2048 2524 2443 2604 persequitur.
2498 2524 2718 2605 Neque

510 2634 661 2683 vero
721 2620 871 2682 tales
930 2619 1402 2685 insimulationes
1466 2627 1715 2702 propter
1792 2622 1983 2685 rixam
2019 2620 2510 2685 'intercedentem
2568 2612 2713 2686 tanti

510 2717 821 2783 faciendae
861 2724 1028 2793 sunt,
1073 2719 1304 2780 etiamsi
1345 2714 1604 2783 fortasse
1644 2717 1893 2798 docent,
1947 2719 2263 2805 Caecilium
2303 2738 2424 2795 non
2464 2739 2712 2802 prorsus

511 2836 580 2889 se
622 2816 1080 2878 abstinuisse··in
1127 2823 1448 2896 quaestura
1490 2834 1602 2879 sua
1640 2818 1712 2893 ab
1756 2818 1827 2881 iis
1870 2819 2088 2897 rebus,
2142 2838 2297 2899 quae
2327 2827 2575 2901 ,praeter
2606 2822 2714 2903 jus

510 2917 804 2996 legesque
842 2914 977 2977 fieri
1017 2915 1215 2979 solent
1227 2935 1253 2990 3⁴
1289 2915 1443 2979 hanc
1471 2918 1628 2980 euim
1657 2918 1742 2985 011
1770 2937 1900 2983 rem
1941 2935 2318 2998 magnopere
2358 2919 2715 3000 concupisse

510 3013 777 3092 videtur,
821 3020 885 3077 ut
926 3014 1056 3094 ipse
1074 3060 1092 3092 ,
1133 3031 1256 3076 non
1300 3021 1498 3079 autem
1544 3015 1810 3092 Cicero,¹
1830 3016 2156 3076 acerrimus
2189 3016 2412 3079 Verris*
2436 3019 2718 3100 exagita—

508 3119 639 3190 tor,
698 3113 1069 3175 accusatoris
1116 3114 1399 3191 suscipiat
1457 3119 1678 3190 partes.
1777 3111 2094 3193 Religione
2147 3114 2361 3195 igitur,
2426 3123 2493 3177 ut
2532 3133 2713 3197 supra

509 3212 763 3283 dictum,
806 3208 916 3269 fuit
958 3207 1223 3269 Judaeus
1247 3255 1265 3286 ,
1317 3209 1506 3287 patria
1551 3207 1814 3289 Siculus,
1876 3229 1994 3291 qua
2035 3212 2097 3274 iu
2137 3213 2327 3277 insula
2367 3215 2573 3295 primis
2614 3216 2714 3276 in-

508 3304 863 3369 stituebatur
896 3305 1221 3367 litterarum
1254 3304 1623 3385 rudimentis,
1667 3309 1741 3370 cf.
1767 3309 1886 3373 Cic.
1926 3294 1984 3373 in
2027 3311 2139 3373 div'.
2182 3314 2239 3373 in
2273 3310 2447 3375 Caec.
2479 3312 2576 3395 12,
2601 3310 2712 3374 39:

510 3404 577 3466 In
627 3421 747 3486 quo
788 3403 840 3465 si
881 3407 942 3463 te
998 3403 1241 3467 multum
1302 3410 1510 3467 natura
1569 3406 1879 3490 adjuvaret
1887 3429 1910 3487 3
1976 3410 2027 3472 si
2090 3410 2322 3490 optimis
2372 3429 2405 3473 a
2461 3412 2715 3492 pueritia

509 3501 832 3583 disciplinis
870 3507 1071 3581 ,atque
1130 3501 1353 3562 artibus
1409 3503 1742 3569 studuisses
1802 3513 1863 3569 et
1919 3506 1986 3577 in
2045 3507 2135 3568 his
2192 3508 2603 3579 elaborasses:
2663 3510 2716 3575 si

508 3602 739 3664 litteras
766 3596 1315 3681 graecasAthenis
1335 3644 1353 3676 ,
1396 3617 1522 3662 non
1561 3602 1848 3685 Lilybaeo
1868 3648 1885 3680 ,
1929 3604 2138 3666 latinas
2179 3605 2438 3684 Romae,
2489 3624 2612 3671 non
2654 3609 2716 3670 iu

509 3698 709 3765 Sicilia
783 3696 1095 3761 didicisses
1115 3742 1133 3775 ,
1230 3703 1430 3759 tamen
1499 3707 1664 3762 esset
1741 3718 2054 3781 magnum,
2154 3708 2374 3764 tantam
2442 3722 2716 3768 caussam

515 3799 795 3861 oratione
836 3812 1149 3878 exponere
1158 3817 1177 3872 3
1222 3796 1436 3876 quihus
1476 3797 2054 3860 Pseudo-‘Asconius
2095 3799 2155 3859 in
2202 3802 2410 3880 explic.
2450 3820 2557 3865 sua
2603 3803 2720 3865 ad-

502 3897 665 3977 jicit:
738 3895 893 3957 Dicit
950 3893 1111 3956 illum
1175 3913 1426 3977 graecas
1485 3893 1710 3957 litteras
1777 3894 1952 3957 simul
2008 3901 2068 3956 et
2135 3897 2343 3961 latinas
2402 3901 2461 3964 in
2520 3900 2720 3964 Sicilia

508 3994 824 4075 didicisse,
886 3994 949 4055 in
1016 4012 1085 4054 ea
1140 3994 1368 4071 insula,
1432 4009 1589 4083 quae
1640 4011 1678 4055 n
1762 3986 2093 4077 tra-‚lingua
2137 3993 2290 4059 bene
2337 4005 2550 4067 ulatur.
2634 4000 2720 4064 lta

512 4093 668 4158 enim
711 4093 950 4163 Plautus
992 4093 1050 4159 in
1091 4090 1272 4171 Persa
1289 4113 1441 4187 *amm
