<?xml version="1.0" encoding="UTF-8"?>
<!DOCTYPE html PUBLIC "-//W3C//DTD XHTML 1.0 Transitional//EN"
    "http://www.w3.org/TR/xhtml1/DTD/xhtml1-transitional.dtd">
<html xmlns="http://www.w3.org/1999/xhtml" xml:lang="en" lang="en">
 <head>
  <title>
</title>
<meta http-equiv="Content-Type" content="text/html;charset=utf-8" />
  <meta name='ocr-system' content='tesseract 3.04.00' />
  <meta name='ocr-capabilities' content='ocr_page ocr_carea ocr_par ocr_line ocrx_word'/>
</head>
<body>
  <div class='ocr_page' id='page_1' title='image "./descriptorelibr00unkngoog_0019.png"; bbox 0 0 3017 4825; ppageno 0'>
   <div class='ocr_carea' id='block_1_1' title="bbox 1400 313 1488 386">
    <p class='ocr_par' dir='ltr' id='par_1_1' title="bbox 1400 313 1488 386">
     <span class='ocr_line' id='line_1_1' title="bbox 1400 313 1488 386; baseline -0.011 0"><span class='ocrx_word' id='word_1_1' title='bbox 1400 313 1488 386; x_wconf 85' lang='lat'>15</span> 
     </span>
    </p>
   </div>
   <div class='ocr_carea' id='block_1_2' title="bbox 1252 414 1583 425">
    <p class='ocr_par' dir='ltr' id='par_1_2' title="bbox 1252 414 1583 425">
     <span class='ocr_line' id='line_1_2' title="bbox 1252 414 1583 425; baseline 0 4400"><span class='ocrx_word' id='word_1_2' title='bbox 1252 414 1583 425; x_wconf 95' lang='lat' dir='ltr'> </span> 
     </span>
    </p>
   </div>
   <div class='ocr_carea' id='block_1_3' title="bbox 278 524 2564 3870">
    <p class='ocr_par' dir='ltr' id='par_1_3' title="bbox 278 524 2564 3870">
     <span class='ocr_line' id='line_1_3' title="bbox 347 524 2540 631; baseline -0.007 -24"><span class='ocrx_word' id='word_1_3' title='bbox 347 544 641 631; x_wconf 74' lang='grc' dir='ltr'><strong><em>γράψας</em></strong></span> <span class='ocrx_word' id='word_1_4' title='bbox 665 540 796 605; x_wconf 73' lang='grc' dir='ltr'>τῶν</span> <span class='ocrx_word' id='word_1_5' title='bbox 828 535 1069 622; x_wconf 76' lang='grc' dir='ltr'><em>νόμων·</em></span> <span class='ocrx_word' id='word_1_6' title='bbox 1122 524 1375 615; x_wconf 68' lang='lat' dir='ltr'>„Eiw</span> <span class='ocrx_word' id='word_1_7' title='bbox 1410 528 1445 594; x_wconf 85' lang='grc' dir='ltr'>ὁ</span> <span class='ocrx_word' id='word_1_8' title='bbox 1482 528 1718 602; x_wconf 70' lang='grc' dir='ltr'><em>9εός“,</em></span> <span class='ocrx_word' id='word_1_9' title='bbox 1766 526 1962 605; x_wconf 74' lang='grc' dir='ltr'><em>Φησὶ·</em></span> <span class='ocrx_word' id='word_1_10' title='bbox 2017 526 2122 602; x_wconf 72' lang='grc' dir='ltr'>τίς</span> <span class='ocrx_word' id='word_1_11' title='bbox 2180 527 2540 610; x_wconf 68' lang='grc' dir='ltr'><em>,,Γενέσ9ω</em></span> 
     </span>
     <span class='ocr_line' id='line_1_4' title="bbox 350 622 2545 721; baseline -0.008 -14"><span class='ocrx_word' id='word_1_12' title='bbox 350 646 507 721; x_wconf 74' lang='grc' dir='ltr'>φῶς</span> <span class='ocrx_word' id='word_1_13' title='bbox 552 637 662 704; x_wconf 73' lang='grc' dir='ltr'>καὶ</span> <span class='ocrx_word' id='word_1_14' title='bbox 711 635 988 720; x_wconf 74' lang='grc' dir='ltr'>ἐγένετο.</span> <span class='ocrx_word' id='word_1_15' title='bbox 1049 629 1351 714; x_wconf 67' lang='grc' dir='ltr'>’γενέσθω</span> <span class='ocrx_word' id='word_1_16' title='bbox 1402 629 1520 709; x_wconf 71' lang='grc' dir='ltr'>Ὑῆ,</span> <span class='ocrx_word' id='word_1_17' title='bbox 1570 622 1682 689; x_wconf 72' lang='grc' dir='ltr'>καὶ</span> <span class='ocrx_word' id='word_1_18' title='bbox 1739 622 2070 705; x_wconf 74' lang='grc' dir='ltr'><strong>ἐγένετο“.</strong></span> <span class='ocrx_word' id='word_1_19' title='bbox 2161 625 2286 687; x_wconf 86' lang='lat' dir='ltr'>Imo</span> <span class='ocrx_word' id='word_1_20' title='bbox 2343 627 2545 689; x_wconf 80' lang='lat' dir='ltr'>hercle</span> 
     </span>
     <span class='ocr_line' id='line_1_5' title="bbox 349 723 2546 819; baseline -0.007 -16"><span class='ocrx_word' id='word_1_21' title='bbox 349 741 527 803; x_wconf 88' lang='lat' dir='ltr'>etiam</span> <span class='ocrx_word' id='word_1_22' title='bbox 585 736 808 819; x_wconf 82' lang='lat' dir='ltr'>legenti</span> <span class='ocrx_word' id='word_1_23' title='bbox 868 732 1063 796; x_wconf 83' lang='lat' dir='ltr'>obiter</span> <span class='ocrx_word' id='word_1_24' title='bbox 1116 730 1177 791; x_wconf 90' lang='lat' dir='ltr'>in</span> <span class='ocrx_word' id='word_1_25' title='bbox 1235 733 1495 789; x_wconf 82' lang='lat' dir='ltr'><strong>mentem</strong></span> <span class='ocrx_word' id='word_1_26' title='bbox 1557 723 1748 800; x_wconf 88' lang='lat' dir='ltr'>venit,</span> <span class='ocrx_word' id='word_1_27' title='bbox 1813 729 2118 786; x_wconf 82' lang='lat' dir='ltr'>auctorem</span> <span class='ocrx_word' id='word_1_28' title='bbox 2176 723 2308 786; x_wconf 82' lang='lat' dir='ltr'>libri</span> <span class='ocrx_word' id='word_1_29' title='bbox 2361 727 2546 787; x_wconf 83' lang='lat' dir='ltr'>verba</span> 
     </span>
     <span class='ocr_line' id='line_1_6' title="bbox 349 821 2546 914; baseline -0.007 -12"><span class='ocrx_word' id='word_1_30' title='bbox 349 838 534 904; x_wconf 76' lang='lat' dir='ltr'>Musis</span> <span class='ocrx_word' id='word_1_31' title='bbox 576 854 695 898; x_wconf 90' lang='lat' dir='ltr'>non</span> <span class='ocrx_word' id='word_1_32' title='bbox 735 831 1051 914; x_wconf 66' lang='lat' dir='ltr'>proferre,</span> <span class='ocrx_word' id='word_1_33' title='bbox 1075 835 1141 890; x_wconf 90' lang='lat' dir='ltr'>ut</span> <span class='ocrx_word' id='word_1_34' title='bbox 1165 844 1323 909; x_wconf 85' lang='lat' dir='ltr'>quae</span> <span class='ocrx_word' id='word_1_35' title='bbox 1356 826 1487 905; x_wconf 88' lang='lat' dir='ltr'>ipse</span> <span class='ocrx_word' id='word_1_36' title='bbox 1515 824 1786 905; x_wconf 80' lang='lat' dir='ltr'><strong>legisset.</strong></span> <span class='ocrx_word' id='word_1_37' title='bbox 1865 821 2104 884; x_wconf 79' lang='lat' dir='ltr'>Etenim</span> <span class='ocrx_word' id='word_1_38' title='bbox 2144 822 2344 903; x_wconf 83' lang='lat' dir='ltr'>adjicit</span> <span class='ocrx_word' id='word_1_39' title='bbox 2383 841 2546 886; x_wconf 90' lang='lat' dir='ltr'>non·-</span> 
     </span>
     <span class='ocr_line' id='line_1_7' title="bbox 349 921 2546 1015; baseline -0.007 -17"><span class='ocrx_word' id='word_1_40' title='bbox 349 938 546 1012; x_wconf 85' lang='lat' dir='ltr'>nulla,</span> <span class='ocrx_word' id='word_1_41' title='bbox 637 951 795 1015; x_wconf 86' lang='lat' dir='ltr'>quae</span> <span class='ocrx_word' id='word_1_42' title='bbox 869 932 932 994; x_wconf 86' lang='lat' dir='ltr'>in</span> <span class='ocrx_word' id='word_1_43' title='bbox 1005 926 1219 1012; x_wconf 87' lang='lat' dir='ltr'>genesi</span> <span class='ocrx_word' id='word_1_44' title='bbox 1284 924 1524 985; x_wconf 88' lang='lat' dir='ltr'>minime</span> <span class='ocrx_word' id='word_1_45' title='bbox 1581 922 1990 1002; x_wconf 73' lang='lat' dir='ltr'>reperiuntur,</span> <span class='ocrx_word' id='word_1_46' title='bbox 2073 921 2225 982; x_wconf 72' lang='lat' dir='ltr'>—illud</span> <span class='ocrx_word' id='word_1_47' title='bbox 2285 921 2546 985; x_wconf 85' lang='lat' dir='ltr'>scilicet:</span> 
     </span>
     <span class='ocr_line' id='line_1_8' title="bbox 349 1018 2548 1115; baseline -0.006 -19"><span class='ocrx_word' id='word_1_48' title='bbox 349 1033 647 1115; x_wconf 66' lang='grc' dir='ltr'>’γενέσθω</span> <span class='ocrx_word' id='word_1_49' title='bbox 693 1032 779 1112; x_wconf 74' lang='grc' dir='ltr'>γῆ</span> <span class='ocrx_word' id='word_1_50' title='bbox 827 1025 937 1094; x_wconf 72' lang='grc' dir='ltr'>καὶ</span> <span class='ocrx_word' id='word_1_51' title='bbox 984 1026 1282 1107; x_wconf 72' lang='grc' dir='ltr'>ἑγὲυετο;</span> <span class='ocrx_word' id='word_1_52' title='bbox 1328 1040 1463 1083; x_wconf 88' lang='lat' dir='ltr'>nam</span> <span class='ocrx_word' id='word_1_53' title='bbox 1498 1019 1580 1081; x_wconf 87' lang='lat' dir='ltr'>de</span> <span class='ocrx_word' id='word_1_54' title='bbox 1634 1027 1792 1082; x_wconf 87' lang='lat' dir='ltr'>terra</span> <span class='ocrx_word' id='word_1_55' title='bbox 1832 1018 2194 1082; x_wconf 85' lang='lat' dir='ltr'>aedificanda</span> <span class='ocrx_word' id='word_1_56' title='bbox 2234 1020 2294 1081; x_wconf 92' lang='lat' dir='ltr'>in</span> <span class='ocrx_word' id='word_1_57' title='bbox 2335 1019 2548 1102; x_wconf 82' lang='lat' dir='ltr'>genesi</span> 
     </span>
     <span class='ocr_line' id='line_1_9' title="bbox 347 1119 2546 1207; baseline -0.006 -14"><span class='ocrx_word' id='word_1_58' title='bbox 347 1131 480 1193; x_wconf 83' lang='lat' dir='ltr'>fere</span> <span class='ocrx_word' id='word_1_59' title='bbox 520 1132 670 1195; x_wconf 86' lang='lat' dir='ltr'>haec</span> <span class='ocrx_word' id='word_1_60' title='bbox 710 1136 881 1194; x_wconf 82' lang='lat' dir='ltr'>sunt:</span> <span class='ocrx_word' id='word_1_61' title='bbox 948 1124 1079 1207; x_wconf 81' lang='lat' dir='ltr'>„Ab</span> <span class='ocrx_word' id='word_1_62' title='bbox 1139 1124 1304 1187; x_wconf 79' lang='lat' dir='ltr'>initio</span> <span class='ocrx_word' id='word_1_63' title='bbox 1368 1121 1595 1184; x_wconf 79' lang='lat' dir='ltr'>creavit</span> <span class='ocrx_word' id='word_1_64' title='bbox 1648 1119 1799 1181; x_wconf 86' lang='lat' dir='ltr'>deus</span> <span class='ocrx_word' id='word_1_65' title='bbox 1856 1119 2088 1183; x_wconf 82' lang='lat' dir='ltr'>coelum</span> <span class='ocrx_word' id='word_1_66' title='bbox 2149 1125 2209 1181; x_wconf 92' lang='lat' dir='ltr'>et</span> <span class='ocrx_word' id='word_1_67' title='bbox 2265 1121 2546 1196; x_wconf 80' lang='lat' dir='ltr'>terram“,</span> 
     </span>
     <span class='ocr_line' id='line_1_10' title="bbox 349 1216 2551 1311; baseline -0.006 -17"><span class='ocrx_word' id='word_1_68' title='bbox 349 1248 550 1311; x_wconf 88' lang='lat' dir='ltr'>neque</span> <span class='ocrx_word' id='word_1_69' title='bbox 578 1229 834 1305; x_wconf 77' lang='lat' dir='ltr'>additur,</span> <span class='ocrx_word' id='word_1_70' title='bbox 876 1244 1016 1288; x_wconf 86' lang='lat' dir='ltr'>num</span> <span class='ocrx_word' id='word_1_71' title='bbox 1046 1222 1220 1285; x_wconf 87' lang='lat' dir='ltr'>etiam</span> <span class='ocrx_word' id='word_1_72' title='bbox 1254 1228 1413 1292; x_wconf 83' lang='lat' dir='ltr'>terra</span> <span class='ocrx_word' id='word_1_73' title='bbox 1460 1237 1541 1281; x_wconf 82' lang='lat' dir='ltr'>ex</span> <span class='ocrx_word' id='word_1_74' title='bbox 1582 1219 1712 1280; x_wconf 89' lang='lat' dir='ltr'>sola</span> <span class='ocrx_word' id='word_1_75' title='bbox 1752 1216 1937 1279; x_wconf 86' lang='lat' dir='ltr'>verba</span> <span class='ocrx_word' id='word_1_76' title='bbox 1981 1216 2161 1279; x_wconf 87' lang='lat' dir='ltr'>divini</span> <span class='ocrx_word' id='word_1_77' title='bbox 2199 1218 2551 1282; x_wconf 86' lang='lat' dir='ltr'>auctoritate</span> 
     </span>
     <span class='ocr_line' id='line_1_11' title="bbox 350 1311 2548 1405; baseline -0.006 -15"><span class='ocrx_word' id='word_1_78' title='bbox 350 1333 566 1390; x_wconf 82' lang='lat' dir='ltr'>exorta</span> <span class='ocrx_word' id='word_1_79' title='bbox 622 1328 733 1405; x_wconf 91' lang='lat' dir='ltr'>sit,</span> <span class='ocrx_word' id='word_1_80' title='bbox 811 1326 964 1388; x_wconf 86' lang='lat' dir='ltr'>sicut</span> <span class='ocrx_word' id='word_1_81' title='bbox 1023 1324 1165 1385; x_wconf 82' lang='lat' dir='ltr'>lux:</span> <span class='ocrx_word' id='word_1_82' title='bbox 1225 1316 1735 1401; x_wconf 56' lang='grc' dir='ltr'>γενέσθωφῶς</span> <span class='ocrx_word' id='word_1_83' title='bbox 1797 1311 1908 1379; x_wconf 78' lang='grc' dir='ltr'>καὶ</span> <span class='ocrx_word' id='word_1_84' title='bbox 1970 1314 2267 1396; x_wconf 76' lang='grc' dir='ltr'>ἐγένετο,</span> <span class='ocrx_word' id='word_1_85' title='bbox 2331 1334 2548 1379; x_wconf 88' lang='lat' dir='ltr'>annon.</span> 
     </span>
     <span class='ocr_line' id='line_1_12' title="bbox 352 1415 2550 1505; baseline -0.003 -20"><span class='ocrx_word' id='word_1_86' title='bbox 352 1425 578 1497; x_wconf 82' lang='lat' dir='ltr'>Quibus</span> <span class='ocrx_word' id='word_1_87' title='bbox 618 1425 931 1505; x_wconf 83' lang='lat' dir='ltr'>perpensis</span> <span class='ocrx_word' id='word_1_88' title='bbox 973 1437 1349 1502; x_wconf 81' lang='lat' dir='ltr'>nequaquam</span> <span class='ocrx_word' id='word_1_89' title='bbox 1379 1416 1662 1480; x_wconf 78' lang='lat' dir='ltr'>credibile</span> <span class='ocrx_word' id='word_1_90' title='bbox 1692 1415 1775 1491; x_wconf 81' lang='lat' dir='ltr'>fit,</span> <span class='ocrx_word' id='word_1_91' title='bbox 1819 1421 1922 1477; x_wconf 87' lang='lat' dir='ltr'>aut</span> <span class='ocrx_word' id='word_1_92' title='bbox 1955 1415 2305 1495; x_wconf 84' lang='lat' dir='ltr'>scriptorem</span> <span class='ocrx_word' id='word_1_93' title='bbox 2335 1417 2550 1497; x_wconf 87' lang='lat' dir='ltr'>ipsum,</span> 
     </span>
     <span class='ocr_line' id='line_1_13' title="bbox 355 1514 2552 1603; baseline -0.005 -17"><span class='ocrx_word' id='word_1_94' title='bbox 355 1541 536 1603; x_wconf 87' lang='lat' dir='ltr'>quum</span> <span class='ocrx_word' id='word_1_95' title='bbox 588 1522 665 1585; x_wconf 92' lang='lat' dir='ltr'>de</span> <span class='ocrx_word' id='word_1_96' title='bbox 723 1522 1081 1586; x_wconf 88' lang='lat' dir='ltr'>sublimitate</span> <span class='ocrx_word' id='word_1_97' title='bbox 1152 1517 1484 1594; x_wconf 89' lang='lat' dir='ltr'>scriberet,</span> <span class='ocrx_word' id='word_1_98' title='bbox 1563 1515 1866 1577; x_wconf 85' lang='lat' dir='ltr'>evolvisse</span> <span class='ocrx_word' id='word_1_99' title='bbox 1929 1514 2154 1575; x_wconf 86' lang='lat' dir='ltr'>veteris</span> <span class='ocrx_word' id='word_1_100' title='bbox 2214 1515 2552 1577; x_wconf 80' lang='lat' dir='ltr'>testamenti</span> 
     </span>
     <span class='ocr_line' id='line_1_14' title="bbox 351 1612 2556 1702; baseline -0.004 -18"><span class='ocrx_word' id='word_1_101' title='bbox 351 1622 613 1700; x_wconf 82' lang='lat' dir='ltr'>codices,</span> <span class='ocrx_word' id='word_1_102' title='bbox 655 1629 756 1685; x_wconf 87' lang='lat' dir='ltr'>aut</span> <span class='ocrx_word' id='word_1_103' title='bbox 785 1623 979 1702; x_wconf 89' lang='lat' dir='ltr'>ipsum</span> <span class='ocrx_word' id='word_1_104' title='bbox 1020 1619 1213 1684; x_wconf 85' lang='lat' dir='ltr'>fuisse</span> <span class='ocrx_word' id='word_1_105' title='bbox 1254 1616 1384 1680; x_wconf 88' lang='lat' dir='ltr'>sive</span> <span class='ocrx_word' id='word_1_106' title='bbox 1418 1615 1800 1677; x_wconf 83' lang='lat' dir='ltr'>christianum</span> <span class='ocrx_word' id='word_1_107' title='bbox 1827 1613 1957 1675; x_wconf 86' lang='lat' dir='ltr'>sive</span> <span class='ocrx_word' id='word_1_108' title='bbox 1981 1612 2294 1691; x_wconf 78' lang='lat' dir='ltr'>Judaeum,</span> <span class='ocrx_word' id='word_1_109' title='bbox 2334 1613 2556 1694; x_wconf 85' lang='lat' dir='ltr'>quippe</span> 
     </span>
     <span class='ocr_line' id='line_1_15' title="bbox 352 1710 2552 1802; baseline -0.004 -18"><span class='ocrx_word' id='word_1_110' title='bbox 352 1723 452 1802; x_wconf 89' lang='lat' dir='ltr'>qui</span> <span class='ocrx_word' id='word_1_111' title='bbox 515 1739 687 1786; x_wconf 85' lang='lat' dir='ltr'>suae.</span> <span class='ocrx_word' id='word_1_112' title='bbox 722 1719 1032 1801; x_wconf 83' lang='lat' dir='ltr'>religionis</span> <span class='ocrx_word' id='word_1_113' title='bbox 1106 1718 1367 1792; x_wconf 78' lang='lat' dir='ltr'>litteras,</span> <span class='ocrx_word' id='word_1_114' title='bbox 1428 1715 1686 1795; x_wconf 39' lang='lat' dir='ltr'>Jmajore</span> <span class='ocrx_word' id='word_1_115' title='bbox 1751 1710 2092 1793; x_wconf 80' lang='lat' dir='ltr'>diligentia,</span> <span class='ocrx_word' id='word_1_116' title='bbox 2178 1727 2357 1792; x_wconf 85' lang='lat' dir='ltr'>quam</span> <span class='ocrx_word' id='word_1_117' title='bbox 2417 1713 2552 1775; x_wconf 81' lang='lat' dir='ltr'>heic</span> 
     </span>
     <span class='ocr_line' id='line_1_16' title="bbox 349 1809 2556 1899; baseline -0.004 -16"><span class='ocrx_word' id='word_1_118' title='bbox 349 1818 870 1899; x_wconf 84' lang='lat' dir='ltr'>Pseudolonginus</span> <span class='ocrx_word' id='word_1_119' title='bbox 918 1821 1128 1877; x_wconf 85' lang='lat' dir='ltr'>noster</span> <span class='ocrx_word' id='word_1_120' title='bbox 1178 1813 1714 1893; x_wconf 84' lang='lat' dir='ltr'>amplecterentur3</span> <span class='ocrx_word' id='word_1_121' title='bbox 1773 1815 1982 1869; x_wconf 86' lang='lat' dir='ltr'>contra</span> <span class='ocrx_word' id='word_1_122' title='bbox 2023 1809 2259 1871; x_wconf 85' lang='lat' dir='ltr'>videtur</span> <span class='ocrx_word' id='word_1_123' title='bbox 2299 1812 2556 1890; x_wconf 80' lang='lat' dir='ltr'>genesin</span> 
     </span>
     <span class='ocr_line' id='line_1_17' title="bbox 353 1909 2555 1998; baseline -0.003 -18"><span class='ocrx_word' id='word_1_124' title='bbox 353 1938 478 1980; x_wconf 85' lang='lat' dir='ltr'>non</span> <span class='ocrx_word' id='word_1_125' title='bbox 539 1919 670 1998; x_wconf 89' lang='lat' dir='ltr'>ipse</span> <span class='ocrx_word' id='word_1_126' title='bbox 734 1932 956 1993; x_wconf 84' lang='lat' dir='ltr'>nosse,</span> <span class='ocrx_word' id='word_1_127' title='bbox 1020 1912 1129 1978; x_wconf 85' lang='lat' dir='ltr'>sed</span> <span class='ocrx_word' id='word_1_128' title='bbox 1192 1918 1416 1973; x_wconf 84' lang='lat' dir='ltr'>tantum</span> <span class='ocrx_word' id='word_1_129' title='bbox 1484 1910 1852 1971; x_wconf 84' lang='lat' dir='ltr'>mentionem</span> <span class='ocrx_word' id='word_1_130' title='bbox 1912 1911 2046 1990; x_wconf 86' lang='lat' dir='ltr'>ejus</span> <span class='ocrx_word' id='word_1_131' title='bbox 2108 1909 2555 1991; x_wconf 85' lang='lat' dir='ltr'>verborumque</span> 
     </span>
     <span class='ocr_line' id='line_1_18' title="bbox 354 2006 2558 2095; baseline -0.003 -17"><span class='ocrx_word' id='word_1_132' title='bbox 354 2033 564 2091; x_wconf 87' lang='lat' dir='ltr'>sacrae</span> <span class='ocrx_word' id='word_1_133' title='bbox 604 2015 931 2095; x_wconf 79' lang='lat' dir='ltr'>scripturae</span> <span class='ocrx_word' id='word_1_134' title='bbox 974 2012 1317 2074; x_wconf 85' lang='lat' dir='ltr'>memoriam</span> <span class='ocrx_word' id='word_1_135' title='bbox 1349 2008 1585 2071; x_wconf 90' lang='lat' dir='ltr'>aliunde</span> <span class='ocrx_word' id='word_1_136' title='bbox 1617 2008 1906 2070; x_wconf 87' lang='lat' dir='ltr'>hausisse.</span> <span class='ocrx_word' id='word_1_137' title='bbox 1962 2006 2162 2087; x_wconf 87' lang='lat' dir='ltr'>Atque</span> <span class='ocrx_word' id='word_1_138' title='bbox 2185 2007 2279 2070; x_wconf 90' lang='lat' dir='ltr'>hic</span> <span class='ocrx_word' id='word_1_139' title='bbox 2304 2011 2558 2092; x_wconf 78' lang='lat' dir='ltr'>egregie</span> 
     </span>
     <span class='ocr_line' id='line_1_19' title="bbox 352 2107 2560 2193; baseline -0.001 -18"><span class='ocrx_word' id='word_1_140' title='bbox 352 2109 631 2176; x_wconf 86' lang='lat' dir='ltr'>subvenit</span> <span class='ocrx_word' id='word_1_141' title='bbox 681 2112 972 2193; x_wconf 88' lang='lat' dir='ltr'>Roeperi,</span> <span class='ocrx_word' id='word_1_142' title='bbox 1037 2109 1113 2173; x_wconf 89' lang='lat' dir='ltr'>de</span> <span class='ocrx_word' id='word_1_143' title='bbox 1176 2126 1296 2189; x_wconf 82' lang='lat' dir='ltr'>quo</span> <span class='ocrx_word' id='word_1_144' title='bbox 1356 2125 1535 2188; x_wconf 89' lang='lat' dir='ltr'>supra</span> <span class='ocrx_word' id='word_1_145' title='bbox 1603 2107 1888 2183; x_wconf 80' lang='lat' dir='ltr'>diximuS,</span> <span class='ocrx_word' id='word_1_146' title='bbox 1955 2107 2333 2187; x_wconf 79' lang='lat' dir='ltr'>conjectura,</span> <span class='ocrx_word' id='word_1_147' title='bbox 2399 2125 2560 2189; x_wconf 85' lang='lat' dir='ltr'>quae</span> 
     </span>
     <span class='ocr_line' id='line_1_20' title="bbox 352 2206 2562 2293; baseline -0.002 -18"><span class='ocrx_word' id='word_1_148' title='bbox 352 2213 526 2275; x_wconf 89' lang='lat' dir='ltr'>nobis</span> <span class='ocrx_word' id='word_1_149' title='bbox 570 2229 814 2293; x_wconf 84' lang='lat' dir='ltr'>quoque</span> <span class='ocrx_word' id='word_1_150' title='bbox 856 2208 1345 2272; x_wconf 83' lang='lat' dir='ltr'>commentarium</span> <span class='ocrx_word' id='word_1_151' title='bbox 1390 2206 1465 2269; x_wconf 91' lang='lat' dir='ltr'>de</span> <span class='ocrx_word' id='word_1_152' title='bbox 1506 2207 1864 2268; x_wconf 74' lang='lat' dir='ltr'>sublimitate</span> <span class='ocrx_word' id='word_1_153' title='bbox 1919 2206 2169 2287; x_wconf 90' lang='lat' dir='ltr'>primum</span> <span class='ocrx_word' id='word_1_154' title='bbox 2214 2208 2562 2289; x_wconf 84' lang='lat' dir='ltr'>legentibus</span> 
     </span>
     <span class='ocr_line' id='line_1_21' title="bbox 352 2304 2564 2389; baseline -0.001 -17"><span class='ocrx_word' id='word_1_155' title='bbox 352 2312 413 2372; x_wconf 88' lang='lat' dir='ltr'>in</span> <span class='ocrx_word' id='word_1_156' title='bbox 443 2317 701 2374; x_wconf 84' lang='lat' dir='ltr'>mentem</span> <span class='ocrx_word' id='word_1_157' title='bbox 727 2310 909 2387; x_wconf 83' lang='lat' dir='ltr'>venit,</span> <span class='ocrx_word' id='word_1_158' title='bbox 955 2326 1192 2371; x_wconf 89' lang='lat' dir='ltr'>omnem</span> <span class='ocrx_word' id='word_1_159' title='bbox 1221 2323 1528 2389; x_wconf 88' lang='lat' dir='ltr'>geneseos</span> <span class='ocrx_word' id='word_1_160' title='bbox 1558 2305 1824 2366; x_wconf 83' lang='lat' dir='ltr'>notitiam</span> <span class='ocrx_word' id='word_1_161' title='bbox 1865 2304 2162 2385; x_wconf 83' lang='lat' dir='ltr'>proficisci</span> <span class='ocrx_word' id='word_1_162' title='bbox 2194 2305 2267 2366; x_wconf 88' lang='lat' dir='ltr'>ab</span> <span class='ocrx_word' id='word_1_163' title='bbox 2296 2306 2564 2372; x_wconf 78' lang='lat' dir='ltr'>Caecilio</span> 
     </span>
     <span class='ocr_line' id='line_1_22' title="bbox 354 2401 2554 2489; baseline -0.002 -15"><span class='ocrx_word' id='word_1_164' title='bbox 354 2409 655 2474; x_wconf 76' lang='lat' dir='ltr'>Calactino</span> <span class='ocrx_word' id='word_1_165' title='bbox 721 2408 1002 2484; x_wconf 87' lang='lat' dir='ltr'>rhetore,</span> <span class='ocrx_word' id='word_1_166' title='bbox 1088 2413 1299 2471; x_wconf 85' lang='lat' dir='ltr'>contra</span> <span class='ocrx_word' id='word_1_167' title='bbox 1367 2424 1547 2485; x_wconf 88' lang='lat' dir='ltr'>quem</span> <span class='ocrx_word' id='word_1_168' title='bbox 1611 2401 1715 2487; x_wconf 85' lang='lat' dir='ltr'>(ut</span> <span class='ocrx_word' id='word_1_169' title='bbox 1765 2409 1975 2483; x_wconf 88' lang='lat' dir='ltr'>postea</span> <span class='ocrx_word' id='word_1_170' title='bbox 2034 2402 2347 2467; x_wconf 89' lang='lat' dir='ltr'>dicendum</span> <span class='ocrx_word' id='word_1_171' title='bbox 2405 2405 2554 2489; x_wconf 84' lang='lat' dir='ltr'>erit)</span> 
     </span>
     <span class='ocr_line' id='line_1_23' title="bbox 357 2502 2559 2587; baseline -0.001 -17"><span class='ocrx_word' id='word_1_172' title='bbox 357 2506 776 2570; x_wconf 85' lang='lat' dir='ltr'>commentatio</span> <span class='ocrx_word' id='word_1_173' title='bbox 832 2511 957 2565; x_wconf 85' lang='lat' dir='ltr'>tota</span> <span class='ocrx_word' id='word_1_174' title='bbox 1012 2503 1289 2565; x_wconf 75' lang='lat' dir='ltr'>confecta</span> <span class='ocrx_word' id='word_1_175' title='bbox 1359 2510 1470 2564; x_wconf 89' lang='lat' dir='ltr'>est.</span> <span class='ocrx_word' id='word_1_176' title='bbox 1593 2502 1886 2564; x_wconf 82' lang='lat' dir='ltr'>Caecilius</span> <span class='ocrx_word' id='word_1_177' title='bbox 1947 2503 2137 2581; x_wconf 87' lang='lat' dir='ltr'>enim,</span> <span class='ocrx_word' id='word_1_178' title='bbox 2198 2510 2264 2567; x_wconf 88' lang='lat' dir='ltr'>ut</span> <span class='ocrx_word' id='word_1_179' title='bbox 2318 2504 2559 2587; x_wconf 83' lang='lat' dir='ltr'>Kriiger</span> 
     </span>
     <span class='ocr_line' id='line_1_24' title="bbox 360 2598 2559 2688; baseline 0 -21"><span class='ocrx_word' id='word_1_180' title='bbox 360 2605 600 2688; x_wconf 79' lang='lat' dir='ltr'>(Ueber</span> <span class='ocrx_word' id='word_1_181' title='bbox 640 2603 748 2666; x_wconf 84' lang='lat' dir='ltr'>das</span> <span class='ocrx_word' id='word_1_182' title='bbox 789 2602 995 2664; x_wconf 90' lang='lat' dir='ltr'>Leben</span> <span class='ocrx_word' id='word_1_183' title='bbox 1035 2601 1142 2667; x_wconf 82' lang='lat' dir='ltr'>des</span> <span class='ocrx_word' id='word_1_184' title='bbox 1182 2599 1559 2682; x_wconf 82' lang='lat' dir='ltr'>Thucydides</span> <span class='ocrx_word' id='word_1_185' title='bbox 1601 2599 1658 2664; x_wconf 86' lang='lat' dir='ltr'>S.</span> <span class='ocrx_word' id='word_1_186' title='bbox 1702 2598 1839 2681; x_wconf 84' lang='lat'><strong>34.)</strong></span> <span class='ocrx_word' id='word_1_187' title='bbox 1896 2617 2012 2663; x_wconf 89' lang='lat' dir='ltr'>suo</span> <span class='ocrx_word' id='word_1_188' title='bbox 2046 2603 2188 2684; x_wconf 87' lang='lat' dir='ltr'>jure</span> <span class='ocrx_word' id='word_1_189' title='bbox 2231 2601 2559 2668; x_wconf 86' lang='lat' dir='ltr'>defendere</span> 
     </span>
     <span class='ocr_line' id='line_1_25' title="bbox 357 2696 2560 2785; baseline 0 -19"><span class='ocrx_word' id='word_1_190' title='bbox 357 2704 621 2783; x_wconf 84' lang='lat' dir='ltr'>videtur,</span> <span class='ocrx_word' id='word_1_191' title='bbox 718 2700 1046 2764; x_wconf 84' lang='lat' dir='ltr'>secundum</span> <span class='ocrx_word' id='word_1_192' title='bbox 1108 2698 1348 2766; x_wconf 84' lang='lat' dir='ltr'>Suidam</span> <span class='ocrx_word' id='word_1_193' title='bbox 1373 2696 1439 2780; x_wconf 83' lang='lat'>¹)</span> <span class='ocrx_word' id='word_1_194' title='bbox 1513 2697 1781 2760; x_wconf 83' lang='lat' dir='ltr'>Judaeus</span> <span class='ocrx_word' id='word_1_195' title='bbox 1863 2697 1978 2760; x_wconf 83' lang='lat' dir='ltr'>fuit</span> <span class='ocrx_word' id='word_1_196' title='bbox 2047 2706 2148 2761; x_wconf 82' lang='lat' dir='ltr'>aut</span> <span class='ocrx_word' id='word_1_197' title='bbox 2215 2702 2560 2785; x_wconf 80' lang='lat' dir='ltr'>proselytus</span> 
     </span>
     <span class='ocr_line' id='line_1_26' title="bbox 354 2787 2556 2885; baseline -0.002 -15"><span class='ocrx_word' id='word_1_198' title='bbox 354 2807 635 2871; x_wconf 81' lang='lat' dir='ltr'>Judaicus</span> <span class='ocrx_word' id='word_1_199' title='bbox 670 2806 983 2885; x_wconf 78' lang='lat' dir='ltr'>idemque,</span> <span class='ocrx_word' id='word_1_200' title='bbox 1035 2803 1096 2863; x_wconf 88' lang='lat' dir='ltr'>in</span> <span class='ocrx_word' id='word_1_201' title='bbox 1138 2820 1348 2883; x_wconf 88' lang='lat' dir='ltr'>quem,</span> <span class='ocrx_word' id='word_1_202' title='bbox 1405 2787 1587 2880; x_wconf 73' lang='lat' dir='ltr'>quum</span> <span class='ocrx_word' id='word_1_203' title='bbox 1629 2799 1708 2862; x_wconf 88' lang='lat' dir='ltr'>de</span> <span class='ocrx_word' id='word_1_204' title='bbox 1748 2799 1942 2861; x_wconf 91' lang='lat' dir='ltr'>Verre</span> <span class='ocrx_word' id='word_1_205' title='bbox 1981 2806 2296 2881; x_wconf 87' lang='lat' dir='ltr'>ageretur,</span> <span class='ocrx_word' id='word_1_206' title='bbox 2342 2800 2556 2865; x_wconf 90' lang='lat' dir='ltr'>Cicero</span> 
     </span>
     <span class='ocr_line' id='line_1_27' title="bbox 357 2896 2559 2984; baseline -0.002 -15"><span class='ocrx_word' id='word_1_207' title='bbox 357 2908 781 2970; x_wconf 81' lang='lat' dir='ltr'>divinationem</span> <span class='ocrx_word' id='word_1_208' title='bbox 823 2904 885 2965; x_wconf 88' lang='lat' dir='ltr'>in</span> <span class='ocrx_word' id='word_1_209' title='bbox 912 2900 1233 2965; x_wconf 88' lang='lat' dir='ltr'>Caecilium</span> <span class='ocrx_word' id='word_1_210' title='bbox 1275 2898 1479 2961; x_wconf 82' lang='lat' dir='ltr'>habuit</span> <span class='ocrx_word' id='word_1_211' title='bbox 1519 2896 1637 2979; x_wconf 82' lang='lat' dir='ltr'>(cf.</span> <span class='ocrx_word' id='word_1_212' title='bbox 1676 2904 1890 2977; x_wconf 87' lang='lat' dir='ltr'>postea</span> <span class='ocrx_word' id='word_1_213' title='bbox 1929 2916 2034 2978; x_wconf 82' lang='lat' dir='ltr'>pg.</span> <span class='ocrx_word' id='word_1_214' title='bbox 2071 2898 2153 2961; x_wconf 77' lang='lat'>42</span> <span class='ocrx_word' id='word_1_215' title='bbox 2183 2897 2373 2984; x_wconf 64' lang='lat' dir='ltr'>sqq.)</span> <span class='ocrx_word' id='word_1_216' title='bbox 2426 2902 2559 2964; x_wconf 89' lang='lat' dir='ltr'>Jam</span> 
     </span>
     <span class='ocr_line' id='line_1_28' title="bbox 357 2993 2561 3084; baseline -0.002 -16"><span class='ocrx_word' id='word_1_217' title='bbox 357 3007 406 3069; x_wconf 90' lang='lat' dir='ltr'>si</span> <span class='ocrx_word' id='word_1_218' title='bbox 448 3006 600 3067; x_wconf 86' lang='lat' dir='ltr'>haec</span> <span class='ocrx_word' id='word_1_219' title='bbox 640 3022 787 3066; x_wconf 89' lang='lat' dir='ltr'>vera</span> <span class='ocrx_word' id='word_1_220' title='bbox 830 2999 1069 3084; x_wconf 81' lang='lat' dir='ltr'>(neque</span> <span class='ocrx_word' id='word_1_221' title='bbox 1112 3005 1234 3077; x_wconf 89' lang='lat' dir='ltr'>est,</span> <span class='ocrx_word' id='word_1_222' title='bbox 1278 3016 1384 3060; x_wconf 87' lang='lat' dir='ltr'>cur</span> <span class='ocrx_word' id='word_1_223' title='bbox 1428 2993 1827 3077; x_wconf 83' lang='lat' dir='ltr'>dubitemuS,)</span> <span class='ocrx_word' id='word_1_224' title='bbox 1865 2998 2239 3076; x_wconf 87' lang='lat' dir='ltr'>perspicitur,</span> <span class='ocrx_word' id='word_1_225' title='bbox 2287 3018 2365 3062; x_wconf 85' lang='lat' dir='ltr'>ex</span> <span class='ocrx_word' id='word_1_226' title='bbox 2402 3002 2561 3063; x_wconf 88' lang='lat' dir='ltr'>illius</span> 
     </span>
     <span class='ocr_line' id='line_1_29' title="bbox 356 3095 2561 3180; baseline -0.003 -13"><span class='ocrx_word' id='word_1_227' title='bbox 356 3106 508 3167; x_wconf 86' lang='lat' dir='ltr'>libro</span> <span class='ocrx_word' id='word_1_228' title='bbox 550 3102 628 3164; x_wconf 92' lang='lat' dir='ltr'>de</span> <span class='ocrx_word' id='word_1_229' title='bbox 669 3102 1028 3164; x_wconf 86' lang='lat' dir='ltr'>sublimitate</span> <span class='ocrx_word' id='word_1_230' title='bbox 1071 3099 1423 3179; x_wconf 87' lang='lat' dir='ltr'>scriptorem</span> <span class='ocrx_word' id='word_1_231' title='bbox 1467 3101 1738 3157; x_wconf 80' lang='lat' dir='ltr'>nostrum</span> <span class='ocrx_word' id='word_1_232' title='bbox 1782 3095 2001 3172; x_wconf 87' lang='lat' dir='ltr'>omnia,</span> <span class='ocrx_word' id='word_1_233' title='bbox 2033 3112 2189 3175; x_wconf 88' lang='lat' dir='ltr'>quae</span> <span class='ocrx_word' id='word_1_234' title='bbox 2233 3095 2309 3158; x_wconf 89' lang='lat' dir='ltr'>de</span> <span class='ocrx_word' id='word_1_235' title='bbox 2348 3100 2561 3180; x_wconf 87' lang='lat' dir='ltr'>genesi</span> 
     </span>
     <span class='ocr_line' id='line_1_30' title="bbox 357 3193 2561 3283; baseline -0.002 -20"><span class='ocrx_word' id='word_1_236' title='bbox 357 3202 691 3283; x_wconf 82' lang='lat' dir='ltr'>proferret,</span> <span class='ocrx_word' id='word_1_237' title='bbox 761 3201 822 3263; x_wconf 93' lang='lat' dir='ltr'>in</span> <span class='ocrx_word' id='word_1_238' title='bbox 884 3216 1058 3261; x_wconf 87' lang='lat' dir='ltr'>suum</span> <span class='ocrx_word' id='word_1_239' title='bbox 1125 3195 1503 3259; x_wconf 88' lang='lat' dir='ltr'>commodum</span> <span class='ocrx_word' id='word_1_240' title='bbox 1573 3193 1865 3271; x_wconf 87' lang='lat' dir='ltr'>vertisse,</span> <span class='ocrx_word' id='word_1_241' title='bbox 1954 3198 2015 3255; x_wconf 81' lang='lat' dir='ltr'>et</span> <span class='ocrx_word' id='word_1_242' title='bbox 2069 3193 2296 3275; x_wconf 90' lang='lat' dir='ltr'>locum,</span> <span class='ocrx_word' id='word_1_243' title='bbox 2384 3215 2561 3277; x_wconf 88' lang='lat' dir='ltr'>quem</span> 
     </span>
     <span class='ocr_line' id='line_1_31' title="bbox 360 3292 2561 3376; baseline -0.001 -15"><span class='ocrx_word' id='word_1_244' title='bbox 360 3298 648 3361; x_wconf 87' lang='lat' dir='ltr'>memoria</span> <span class='ocrx_word' id='word_1_245' title='bbox 707 3298 949 3374; x_wconf 89' lang='lat' dir='ltr'>citaret,</span> <span class='ocrx_word' id='word_1_246' title='bbox 1015 3314 1222 3376; x_wconf 90' lang='lat' dir='ltr'>parum</span> <span class='ocrx_word' id='word_1_247' title='bbox 1279 3295 1598 3375; x_wconf 81' lang='lat' dir='ltr'>diligenter</span> <span class='ocrx_word' id='word_1_248' title='bbox 1650 3292 1940 3371; x_wconf 90' lang='lat' dir='ltr'>edidisse,</span> <span class='ocrx_word' id='word_1_249' title='bbox 2006 3293 2166 3374; x_wconf 90' lang='lat' dir='ltr'>quod</span> <span class='ocrx_word' id='word_1_250' title='bbox 2212 3313 2286 3357; x_wconf 91' lang='lat' dir='ltr'>eo</span> <span class='ocrx_word' id='word_1_251' title='bbox 2334 3294 2561 3359; x_wconf 84' lang='lat' dir='ltr'>facilius</span> 
     </span>
     <span class='ocr_line' id='line_1_32' title="bbox 359 3392 2563 3477; baseline 0.001 -20"><span class='ocrx_word' id='word_1_252' title='bbox 359 3394 706 3477; x_wconf 86' lang='lat' dir='ltr'>intelligitur</span> <span class='ocrx_word' id='word_1_253' title='bbox 731 3412 853 3457; x_wconf 87' lang='lat' dir='ltr'>non</span> <span class='ocrx_word' id='word_1_254' title='bbox 896 3395 1111 3472; x_wconf 87' lang='lat' dir='ltr'>solum,</span> <span class='ocrx_word' id='word_1_255' title='bbox 1153 3392 1262 3457; x_wconf 88' lang='lat' dir='ltr'>sed</span> <span class='ocrx_word' id='word_1_256' title='bbox 1305 3394 1481 3457; x_wconf 81' lang='lat' dir='ltr'>etiam</span> <span class='ocrx_word' id='word_1_257' title='bbox 1526 3400 1865 3471; x_wconf 83' lang='lat' dir='ltr'>excusatur,</span> <span class='ocrx_word' id='word_1_258' title='bbox 1909 3410 2029 3474; x_wconf 85' lang='lat' dir='ltr'>quo</span> <span class='ocrx_word' id='word_1_259' title='bbox 2071 3394 2263 3457; x_wconf 85' lang='lat' dir='ltr'>minus</span> <span class='ocrx_word' id='word_1_260' title='bbox 2289 3395 2563 3459; x_wconf 89' lang='lat' dir='ltr'>Pseudo-</span> 
     </span>
     <span class='ocr_line' id='line_1_33' title="bbox 360 3490 2562 3577; baseline 0 -19"><span class='ocrx_word' id='word_1_261' title='bbox 360 3490 608 3577; x_wconf 85' lang='lat' dir='ltr'>longino</span> <span class='ocrx_word' id='word_1_262' title='bbox 648 3490 834 3555; x_wconf 82' lang='lat' dir='ltr'>ve&#39;rba</span> <span class='ocrx_word' id='word_1_263' title='bbox 874 3493 1004 3573; x_wconf 89' lang='lat' dir='ltr'>ipsa</span> <span class='ocrx_word' id='word_1_264' title='bbox 1046 3492 1265 3571; x_wconf 78' lang='lat' dir='ltr'>MosiS,</span> <span class='ocrx_word' id='word_1_265' title='bbox 1336 3511 1516 3573; x_wconf 89' lang='lat' dir='ltr'>quam</span> <span class='ocrx_word' id='word_1_266' title='bbox 1565 3491 1763 3555; x_wconf 89' lang='lat' dir='ltr'>divina</span> <span class='ocrx_word' id='word_1_267' title='bbox 1803 3492 1903 3554; x_wconf 89' lang='lat' dir='ltr'>illa</span> <span class='ocrx_word' id='word_1_268' title='bbox 1955 3494 2047 3554; x_wconf 85' lang='lat' dir='ltr'>vis</span> <span class='ocrx_word' id='word_1_269' title='bbox 2099 3500 2278 3573; x_wconf 87' lang='lat' dir='ltr'>atque</span> <span class='ocrx_word' id='word_1_270' title='bbox 2320 3495 2562 3576; x_wconf 83' lang='lat' dir='ltr'>spiritus</span> 
     </span>
     <span class='ocr_line' id='line_1_34' title="bbox 359 3588 2559 3676; baseline 0 -20"><span class='ocrx_word' id='word_1_271' title='bbox 359 3613 438 3656; x_wconf 85' lang='lat' dir='ltr'>ex</span> <span class='ocrx_word' id='word_1_272' title='bbox 479 3592 592 3655; x_wconf 90' lang='lat' dir='ltr'>illis</span> <span class='ocrx_word' id='word_1_273' title='bbox 638 3592 920 3674; x_wconf 88' lang='lat' dir='ltr'>spirantia</span> <span class='ocrx_word' id='word_1_274' title='bbox 964 3590 1127 3653; x_wconf 89' lang='lat' dir='ltr'>cordi</span> <span class='ocrx_word' id='word_1_275' title='bbox 1172 3597 1408 3654; x_wconf 81' lang='lat' dir='ltr'>essent:</span> <span class='ocrx_word' id='word_1_276' title='bbox 1454 3588 1671 3668; x_wconf 65' lang='grc' dir='ltr'>ἐπειδὴ</span> <span class='ocrx_word' id='word_1_277' title='bbox 1718 3588 1835 3673; x_wconf 65' lang='grc' dir='ltr'>τὴν</span> <span class='ocrx_word' id='word_1_278' title='bbox 1880 3590 2002 3655; x_wconf 81' lang='grc' dir='ltr'>τοῦ</span> <span class='ocrx_word' id='word_1_279' title='bbox 2050 3591 2241 3655; x_wconf 73' lang='grc' dir='ltr'><em>θείου</em></span> <span class='ocrx_word' id='word_1_280' title='bbox 2288 3589 2559 3676; x_wconf 80' lang='grc' dir='ltr'><em>δύναμιν</em></span> 
     </span>
     <span class='ocr_line' id='line_1_35' title="bbox 363 3684 2562 3774; baseline -0 -21"><span class='ocrx_word' id='word_1_281' title='bbox 363 3692 539 3753; x_wconf 75' lang='grc' dir='ltr'>κατὰ</span> <span class='ocrx_word' id='word_1_282' title='bbox 586 3689 703 3773; x_wconf 68' lang='grc' dir='ltr'>τὴν</span> <span class='ocrx_word' id='word_1_283' title='bbox 753 3687 952 3772; x_wconf 72' lang='grc' dir='ltr'><strong><em>ἀξίαν</em></strong></span> <span class='ocrx_word' id='word_1_284' title='bbox 1001 3684 1366 3774; x_wconf 74' lang='grc' dir='ltr'>ἔχώρησεν.</span> <span class='ocrx_word' id='word_1_285' title='bbox 1480 3684 1652 3761; x_wconf 87' lang='lat' dir='ltr'>Quod</span> <span class='ocrx_word' id='word_1_286' title='bbox 1705 3696 1900 3767; x_wconf 82' lang='lat' dir='ltr'>autem</span> <span class='ocrx_word' id='word_1_287' title='bbox 1955 3689 2196 3753; x_wconf 89' lang='lat' dir='ltr'>omnino</span> <span class='ocrx_word' id='word_1_288' title='bbox 2240 3692 2446 3754; x_wconf 87' lang='lat' dir='ltr'>attinet</span> <span class='ocrx_word' id='word_1_289' title='bbox 2490 3691 2562 3753; x_wconf 89' lang='lat' dir='ltr'>ad</span> 
     </span>
     <span class='ocr_line' id='line_1_36' title="bbox 278 3786 2562 3870; baseline 0 -20"><span class='ocrx_word' id='word_1_290' title='bbox 278 3786 305 3809; x_wconf 79' lang='grc'>“’</span> <span class='ocrx_word' id='word_1_291' title='bbox 358 3790 622 3851; x_wconf 88' lang='lat' dir='ltr'>notitiam</span> <span class='ocrx_word' id='word_1_292' title='bbox 653 3789 978 3853; x_wconf 82' lang='lat' dir='ltr'>litterarum</span> <span class='ocrx_word' id='word_1_293' title='bbox 1013 3788 1440 3851; x_wconf 87' lang='lat' dir='ltr'>Hebraicarum</span> <span class='ocrx_word' id='word_1_294' title='bbox 1474 3789 1810 3869; x_wconf 88' lang='lat' dir='ltr'>evulgatam</span> <span class='ocrx_word' id='word_1_295' title='bbox 1856 3787 2052 3851; x_wconf 90' lang='lat' dir='ltr'>medio</span> <span class='ocrx_word' id='word_1_296' title='bbox 2089 3790 2278 3870; x_wconf 88' lang='lat' dir='ltr'>primo</span> <span class='ocrx_word' id='word_1_297' title='bbox 2319 3789 2562 3853; x_wconf 87' lang='lat' dir='ltr'>saeculo</span> 
     </span>
    </p>
   </div>
   <div class='ocr_carea' id='block_1_4' title="bbox 361 3924 841 3936">
    <p class='ocr_par' dir='ltr' id='par_1_4' title="bbox 361 3924 841 3936">
     <span class='ocr_line' id='line_1_37' title="bbox 361 3924 841 3936; baseline 0 889"><span class='ocrx_word' id='word_1_298' title='bbox 361 3924 841 3936; x_wconf 95' lang='lat' dir='ltr'> </span> 
     </span>
    </p>
   </div>
   <div class='ocr_carea' id='block_1_5' title="bbox 359 4021 2562 4178">
    <p class='ocr_par' dir='ltr' id='par_1_5' title="bbox 359 4021 2562 4178">
     <span class='ocr_line' id='line_1_38' title="bbox 499 4021 2562 4092; baseline 0.001 -17"><span class='ocrx_word' id='word_1_299' title='bbox 499 4022 555 4085; x_wconf 87' lang='lat'>1)</span> <span class='ocrx_word' id='word_1_300' title='bbox 592 4021 745 4074; x_wconf 70' lang='lat' dir='ltr'>Sum.</span> <span class='ocrx_word' id='word_1_301' title='bbox 773 4040 816 4074; x_wconf 81' lang='grc' dir='ltr'>ι.</span> <span class='ocrx_word' id='word_1_302' title='bbox 851 4024 1123 4083; x_wconf 75' lang='grc' dir='ltr'><strong><em>Κανκίλιος</em></strong></span> <span class='ocrx_word' id='word_1_303' title='bbox 1158 4065 1170 4078; x_wconf 93' lang='grc'><strong>.</strong></span> <span class='ocrx_word' id='word_1_304' title='bbox 1207 4061 1220 4074; x_wconf 90' lang='grc'><strong>.</strong></span> <span class='ocrx_word' id='word_1_305' title='bbox 1259 4063 1274 4078; x_wconf 91' lang='grc'><strong>.</strong></span> <span class='ocrx_word' id='word_1_306' title='bbox 1315 4026 1435 4092; x_wconf 72' lang='grc' dir='ltr'>τήν</span> <span class='ocrx_word' id='word_1_307' title='bbox 1473 4024 1547 4077; x_wconf 68' lang='grc' dir='ltr'>δὲ</span> <span class='ocrx_word' id='word_1_308' title='bbox 1584 4026 1798 4081; x_wconf 66' lang='grc' dir='ltr'><strong><em>δόξαν</em></strong></span> <span class='ocrx_word' id='word_1_309' title='bbox 1828 4024 2100 4089; x_wconf 68' lang='grc' dir='ltr'>Ἰουδαῖος-ξ,</span> <span class='ocrx_word' id='word_1_310' title='bbox 2166 4040 2268 4076; x_wconf 85' lang='lat' dir='ltr'>non</span> <span class='ocrx_word' id='word_1_311' title='bbox 2321 4022 2562 4087; x_wconf 75' lang='lat' dir='ltr'>additus,</span> 
     </span>
     <span class='ocr_line' id='line_1_39' title="bbox 359 4105 1421 4178; baseline 0.008 -21"><span class='ocrx_word' id='word_1_312' title='bbox 359 4122 491 4159; x_wconf 82' lang='lat' dir='ltr'>num</span> <span class='ocrx_word' id='word_1_313' title='bbox 528 4105 698 4160; x_wconf 77' lang='lat' dir='ltr'>etium</span> <span class='ocrx_word' id='word_1_314' title='bbox 737 4112 904 4178; x_wconf 80' lang='lat' dir='ltr'>geute</span> <span class='ocrx_word' id='word_1_315' title='bbox 939 4109 1188 4162; x_wconf 69' lang='lat' dir='ltr'>Judaeum</span> <span class='ocrx_word' id='word_1_316' title='bbox 1231 4110 1421 4165; x_wconf 74' lang='lat' dir='ltr'>suerit.</span> 
     </span>
    </p>
   </div>
  </div>
 </body>
</html>
