3017 4825
1568 393 1667 465 20

517 614 790 693 Denique
829 609 1152 691 Dionysius
1193 608 1681 671 Halicarnasseus
1731 610 1857 690 jam
1915 609 2070 672 haud
2126 611 2346 673 multos
2403 613 2541 674 ante
2563 610 2715 673 2Chr.

514 728 572 773 n.
616 727 807 773 annos
850 728 885 772 e
928 710 1047 771 vita
1088 706 1381 784 discessit,
1424 714 1743 787 postquam
1786 724 1944 768 anno
1985 715 2199 771 octavo
2241 709 2716 791 archaeologiam

510 810 837 873 Romanam
894 804 1274 888 perfecit¹);
1335 805 1526 884 prima
1582 805 1765 886 igitur
1822 805 2051 887 imperii
2092 805 2389 888 Augustei
2447 813 2715 892 tempora

509 909 633 970 vita
675 924 799 969 non
841 904 1159 985 superavit.
1246 902 1412 976 Quae
1457 920 1638 982 quum
1681 903 1762 964 ita
1803 904 1941 981 sint,
1983 904 2277 968 absurdae
2315 905 2518 967 forent
2557 923 2716 986 que-

509 1007 677 1068 relae
716 1004 891 1080 illae,
938 1020 1094 1082 quae,
1135 1001 1337 1062 insunt
1376 999 1531 1061 libro
1574 999 1652 1062 de
1697 1007 1999 1063 oratorum
2041 1004 2240 1082 inopia
2279 1004 2595 1081 bonorum,
2637 1002 2714 1064 de

510 1105 783 1170 libertate
817 1102 1053 1178 amissa,
1097 1100 1173 1162 de
1200 1116 1487 1180 oppressa
1523 1099 1928 1180 philosophica
1951 1100 2277 1181 disciplina,
2320 1103 2491 1179 aliae,
2531 1119 2711 1182 quum

508 1201 828 1282 Dionysius
895 1199 1027 1279 ipse
1100 1197 1276 1260 etiam
1351 1196 1705 1259 Ciceronum
1725 1244 1742 1274 ,
1826 1198 2315 1276 Hortensiorum,
2392 1199 2713 1260 Caesarum

509 1301 774 1381 aequalis
816 1298 1168 1378 auditorque
1212 1296 1423 1370 fuerit3
1478 1315 1682 1376 neque
1722 1298 1846 1359 ullo
1887 1297 2069 1360 modo
2110 1298 2252 1362 ferri
2294 1305 2503 1379 posset
2541 1298 2712 1359 locus

507 1406 655 1464 sect.
697 1395 801 1475 43,
843 1394 915 1458 3:
981 1396 1067 1459 Οἱ
1117 1391 1187 1457 δὲ
1228 1392 1384 1465 νῦν,
1433 1387 1607 1480 ἔφη,
1669 1391 2118 1477 παιδομαθεῖς
2174 1388 2340 1459 εἶναι
2395 1391 2709 1463 δουλείας

510 1496 770 1564 δικαίας
819 1541 836 1558 .
890 1541 906 1557 .
958 1540 975 1556 .
1028 1489 1138 1554 καὶ
1206 1488 1531 1570 ἄγευστοι
1599 1488 1977 1562 καλλίςτου
2043 1493 2156 1555 καὶ
2232 1490 2706 1573 Ὑονιμωτὰτου

508 1592 732 1671 λόγων
778 1588 1081 1675 νάματος
1128 1586 1286 1671 (τὴν
1344 1586 1773 1675 ἐλευθερίαν,
1822 1587 1978 1676 ἔφη,
2011 1589 2281 1674 λέγω),
2328 1609 2483 1673 quae
2521 1591 2708 1653 risum

505 1696 851 1767 moverent,
909 1688 1348 1769 proficiscentia
1404 1687 1479 1750 ab
1537 1689 1810 1767 homine,
1871 1690 1974 1769 qui
2027 1690 2533 1770 praeclarissima,
2596 1689 2707 1750 etsi

504 1796 777 1853 extrema
834 1785 1199 1866 reipublicae
1253 1792 1523 1866 tempora
1580 1787 1848 1865 viderat,
1942 1787 2045 1869 qui
2103 1795 2413 1851 senectute
2465 1788 2707 1849 ⁴demum

502 1894 827 1968 provectus
879 1885 1190 1966 imperium
1248 1885 1424 1947 unius
1471 1885 1793 1964 toleravit,
1873 1887 2009 1967 qui,
2069 1886 2228 1967 quod
2264 1888 2391 1970 Jam
2433 1886 2706 1963 diximus,

503 2003 867 2049 summorum
948 1991 1252 2047 oratorum
1318 1983 1552 2046 auditor
1619 1991 1804 2065 atque
1859 1985 2124 2066 aequalis
2181 1985 2393 2048 fuerat.
2490 1985 2705 2066 Neque

505 2085 748 2145 omnino
801 2082 1124 2163 Dionysius
1178 2082 1668 2145 Halicarnasseus
1743 2083 1874 2146 talis
1934 2083 2222 2148 libertatis
2283 2089 2546 2146 sectator
2604 2089 2706 2144 aut

502 2188 665 2244 tanta
696 2178 1104 2262 philosophiae
1136 2179 1343 2240 notitia
1371 2179 1632 2243 imbutus
1665 2187 1759 2242 est
1783 2198 1987 2261 neque
2021 2187 2243 2243 tantam
2286 2181 2417 2243 sere
2458 2181 2705 2245 stoicam

503 2269 679 2343 animi
724 2277 1103 2339 severitatem
1157 2276 1405 2356 probat,
1466 2284 1534 2338 ut
1587 2278 1737 2341 haec
1797 2285 1859 2339 et
1917 2285 2044 2342 tota
2104 2279 2343 2344 omnino
2401 2286 2703 2360 postrema

503 2377 693 2442 sectio
720 2374 814 2441 >de
858 2375 990 2456 ejus
1033 2374 1259 2437 calamo
1305 2374 1507 2455 elapsa
1552 2393 1691 2439 esse
1720 2376 1968 2457 possint.
2051 2377 2249 2452 Quid?
2293 2377 2355 2443 Si
2383 2377 2703 2460 Dionysius

503 2483 668 2540 esset
707 2474 964 2554 scriptor
1002 2473 1181 2536 libelli
1200 2520 1219 2552 ,
1291 2491 1554 2554 quonam
1612 2475 1793 2538 modo
1847 2484 2057 2556 posset
2109 2478 2392 2559 explicari
2433 2476 2701 2539 Neronis

502 2575 788 2637 Colossus
826 2568 1008 2655 (sect.
1033 2570 1133 2651 36,
1175 2570 1237 2651 3,
1284 2572 1359 2635 de
1402 2592 1522 2654 quo
1566 2581 1778 2655 postea
1820 2594 1919 2659 pg.
1962 2574 2045 2637 34
2075 2573 2268 2658 sqq.),
2309 2582 2410 2638 aut
2447 2575 2702 2637 Nanno-

499 2693 635 2741 rum
694 2672 1178 2741 commemoratio
1237 2668 1377 2753 (44,
1433 2670 1513 2753 4)
1586 2680 1687 2734 aut
1741 2672 2093 2737 Theodorus
2154 2672 2457 2736 Gadareus
2519 2671 2617 2754 (3,
2658 2672 2698 2731 5

498 2767 830 2850 laudatus),
868 2776 1225 2849 praeceptor
1260 2769 1479 2831 Tiberii
1523 2769 1815 2849 CaesariS,
1868 2790 2023 2851 quae
2066 2772 2262 2834 omnia
2301 2771 2699 2849 posteriorem

499 2868 774 2931 redolent
833 2873 1104 2928 aetatem.
1213 2866 1567 2949 Abjicienda
1630 2870 1809 2952 igitur
1872 2876 1965 2932 est
2001 2868 2215 2941 ,omnis
2273 2865 2348 2927 de
2410 2866 2698 2949 Dionysio

499 2967 952 3029 Halicarnasseo
997 2965 1280 3047 cogitatio
1324 2975 1571 3048 propter
1613 2967 1990 3031 difficultates
2032 2967 2242 3028 multas
2284 2984 2483 3047 neque
2521 2964 2699 3028 facile

496 3064 789 3127 tollendas
804 3085 822 3138 ;
866 3070 927 3125 et
968 3051 1309 3142 pr‘obandus
1350 3064 1601 3125 Weiske
1647 3065 1746 3143 qui
1789 3082 1923 3143 pag.
1968 3060 2089 3123 217
2133 3062 2254 3124 ed.:
2309 3062 2493 3140 „Nam
2534 3064 2695 3142 quod

497 3162 887 3244 gravissimus
930 3163 1211 3237 auctor“,
1268 3161 1496 3239 inquit,
1567 3162 1705 3240 „qui
1759 3161 1876 3223 hoc
1931 3179 2081 3241 opus
2125 3163 2399 3244 Longino
2442 3163 2690 3240 abdicat,

496 3260 654 3322 idem
711 3258 925 3319 asserit
978 3258 1268 3339 Dionysio
1323 3258 1870 3337 Halicarnassensi‚
1930 3259 2047 3321 hoc
2106 3278 2361 3338 vereor,
2427 3269 2494 3323 ut
2551 3261 2690 3323 viris

497 3356 685 3418 doctis
728 3354 999 3436 probet“.
1085 3355 1203 3419 Sed
1241 3356 1547 3421 Weiskius
1587 3359 1718 3439 ipse
1757 3359 1970 3422 iisdem
2019 3360 2095 3423 de
2137 3344 2364 3422 caussis
2408 3366 2600 3438 errat,
2641 3361 2692 3421 si

494 3456 555 3516 in
584 3454 854 3534 proxime
883 3454 1276 3532 sequentibus
1320 3456 1494 3519 alium
1529 3456 1852 3536 rhetorem,
1897 3459 2211 3539 scripsisse
2254 3464 2417 3539 putat
2459 3458 2694 3536 librum,

490 3553 840 3634 Dionysium
902 3551 1173 3630 nomine,
1240 3554 1340 3632 qui
1382 3554 1651 3637 Pergami
1704 3562 1878 3618 natus
1936 3554 2170 3618 Atticus
2238 3556 2696 3636 cognominatus

492 3657 584 3714 est
596 3671 615 3727 3
656 3651 749 3712 hic
795 3656 991 3713 autem
1035 3652 1399 3733 temporibus
1433 3653 1727 3736 Augusti,
1772 3673 1951 3735 quem
1995 3655 2438 3717 adolescentem
2482 3653 2694 3715 litteris

485 3743 951 3829 instruxerat²)‚
994 3748 1169 3810 vitam
1214 3748 1471 3831 degebat
1484 3772 1504 3827 ;
1550 3770 1738 3831 quare
1785 3752 1994 3814 eadem
2037 3757 2388 3833 argumenta
2432 3750 2690 3826 obstant,

627 3989 682 4053 1)
723 3989 978 4040 Dodwcll
1016 3989 1085 4039 de
1124 3996 1311 4041 aetate
1354 3988 1579 4056 Dionys.
1621 3989 1671 4040 in
1712 3988 1845 4040 edit.
1888 3987 2073 4042 notak.
2129 4006 2219 4055 μς.
2263 3986 2688 4042 XLVI-mm.

488 4069 836 4148 weit-mann
871 4072 939 4123 de
984 4071 1233 4140 Dionysii
1272 4072 1410 4126 vita.
1483 4073 1780 4141 Mun-burg.

620 4155 678 4217 2)
735 4153 891 4207 Suet.
944 4152 1068 4208 Oct.
1115 4161 1198 4209 89.
1301 4155 1514 4209 Deinde
1586 4156 1753 4211 etiam
1828 4157 2142 4211 eruditione
2203 4157 2358 4210 varia
2431 4157 2684 4225 repleta·
