3017 4825
1472 303 1565 375 13

410 521 774 584 mentionem
835 519 1010 598 facit,
1090 515 1339 581 laudatis
1402 515 1640 580 duobus
1691 513 1859 580 libris
1921 518 2057 596 ejus
2073 562 2092 596 ,
2153 536 2407 599 quorum
2463 524 2615 588 alter

407 617 555 707 περὶ
609 620 861 704 βωμῶν
906 613 1016 681 καὶ
1058 617 1339 691 θυσιῶν,
1387 616 1540 680 alter
1583 639 1658 679 π.
1701 616 1834 678 τῶν
1874 614 2224 702 Ἀθήνησιν
2270 616 2608 707 ἑταιρίδων

405 719 741 799 ιίειοοι·ἰρῑιιεΔ
769 722 896 780 erat
912 736 932 793 ;
991 733 1193 796 neque
1250 716 1407 778 enim
1462 715 1660 778 aliena
1699 713 1874 780 fuere
1918 714 2053 777 talia
2098 716 2172 776 ab
2214 721 2612 798 grammaticis

405 816 861 895 Alexandrinis,
935 833 1117 896 quum
1162 834 1243 877 ex
1283 813 1499 878 eodem
1540 813 1856 876 Athenaeo
1897 814 1933 878 l.
1975 813 2013 877 l.
2055 822 2369 894 appareat,
2433 818 2610 880 etiam

400 915 862 998 Aristophanem
903 914 1384 997 grammaticum,
1443 915 1546 992 qui
1585 918 1724 976 ante
1765 910 2172 974 Aristarchum
2214 913 2610 979 bibliothecae

398 1013 842 1076 Alexandrinae
898 1011 1199 1075 curandae
1256 1011 1636 1092 praepositus
1697 1017 1862 1087 erat,
1937 1009 2013 1072 de
2068 1009 2278 1074 eadem
2329 1031 2399 1076 re
2457 1032 2610 1095 opus

400 1113 802 1176 contexuisse.
857 1110 1141 1173 Produxit
1168 1116 1364 1172 autem
1401 1110 1580 1171 vitam
1607 1107 1962 1172 Ammonius
2001 1127 2196 1188 usque
2235 1110 2310 1173 ad
2353 1112 2606 1180 mediam

398 1211 626 1273 saeculi
665 1209 840 1292 primi
882 1213 1170 1286 aetatem,
1211 1207 1294 1270 ita
1333 1212 1401 1269 ut
1440 1206 1622 1270 fuerit
1664 1206 1928 1287 aequalis
1971 1207 2267 1290 Pompeji,
2311 1208 2607 1290 CaesariS,

398 1307 707 1370 Ciceronis
721 1328 741 1384 3
821 1306 1208 1388 quamobrem
1262 1305 1526 1369 fortasse
1578 1305 1722 1387 jure
1785 1304 2043 1385 quodam
2099 1306 2354 1370 eundem
2415 1308 2605 1374 fuisse

399 1424 715 1469 censemus
757 1405 1079 1470 Ptolemaei
1141 1403 1398 1467 Auletae
1452 1405 1720 1486 legatum
1761 1404 1921 1466 illum
1941 1445 1959 1482 ‚
2023 1405 2126 1485 qui
2169 1423 2219 1467 a.
2264 1403 2331 1468 U.
2375 1425 2440 1480 c.
2464 1408 2604 1471 698.

396 1506 644 1568 Romam
699 1506 914 1568 missus
980 1511 1074 1568 est
1129 1504 1329 1568 auxilii
1387 1510 1597 1566 contra
1641 1502 2085 1570 Alexandrinos
2126 1504 2445 1570 seditiosos
2487 1527 2606 1588 pe-

394 1604 555 1668 tendi
613 1621 824 1668 caussa
878 1604 1100 1685 quique
1161 1603 1430 1667 fautores
1491 1604 1553 1665 P.
1609 1603 1846 1666 Lentuli
1929 1603 2256 1684 Spintheris
2278 1651 2295 1683 ,
2364 1605 2605 1670 Ciliciae

392 1704 767 1784 proconsulis
796 1704 864 1787 ¹)
883 1750 900 1781 ,
945 1722 982 1766 a
1024 1720 1145 1783 quo
1186 1704 1775 1765 senatusconsultum
1813 1709 2134 1766 evocatum
2176 1712 2335 1782 erat,
2380 1712 2447 1767 ut
2488 1725 2606 1771 rex

392 1802 749 1885 Aegyptius,
776 1803 1062 1882 expulsus
1096 1819 1132 1863 e
1157 1819 1355 1882 regno
1376 1819 1509 1879 suo,
1523 1802 1965 1876 restitueretur,
2007 1803 2259 1881 pecunia
2284 1821 2605 1886 oppugna-

392 1901 512 1977 vit,
577 1907 643 1961 ut
695 1901 813 1961 hoc
870 1900 1450 1964 senatusconsultum
1510 1899 1586 1960 ab
1645 1899 2175 1962 machinationibus
2229 1899 2292 1962 C.
2339 1900 2602 1985 Catonis,

393 1997 609 2061 tribuni
667 1999 894 2079 plebis,
957 1998 1354 2061 defenderent
1365 2018 1387 2074 3
1471 1997 1633 2078 quod
1679 2016 2036 2079 quamquam
2075 1998 2153 2061 M.
2200 1999 2425 2068 Tullius
2464 2002 2598 2084 ipse

391 2097 663 2159 oratione
705 2114 813 2160 sua
850 2097 929 2161 de
963 2116 1116 2180 rege
1130 2096 1542 2162 Alexandrino
1573 2097 1635 2159 in
1675 2103 1890 2160 senatu
1928 2097 2123 2160 hahita
2168 2100 2598 2183 comprobavit,

388 2195 763 2260 nihilominus
803 2216 980 2261 secus
1030 2197 1257 2261 accidit.
1358 2196 1490 2260 Nec
1531 2198 1724 2259 minus
1766 2195 2117 2259 Ammonius
2161 2215 2366 2262 comes
2407 2200 2597 2266 fuisse

387 2295 621 2359 videtur
676 2296 1063 2378 Cleopatrae,
1125 2296 1282 2360 filiae
1340 2302 1484 2359 natu
1539 2296 1783 2378 majoris
1824 2294 2114 2374 Auletae,
2179 2315 2336 2377 quae
2378 2316 2428 2364 a.
2472 2298 2595 2361 709

388 2392 661 2457 Caesaris
725 2395 1030 2458 dictatoris
1091 2394 1324 2459 visendi
1392 2414 1607 2459 caussa
1670 2394 1920 2461 Romam
1977 2396 2253 2477 pervenit
2273 2393 2344 2479 ²)
2413 2403 2598 2480 atque

385 2494 650 2576 benigne
692 2510 764 2556 ac
820 2492 1184 2557 familiariter
1231 2494 1292 2557 in
1349 2494 1542 2556 hortis
1591 2495 1747 2557 illius
1801 2502 1968 2557 trans
2010 2495 2247 2559 Tiberin
2299 2497 2428 2560 sitis
2483 2517 2596 2563 re-

389 2597 563 2673 cepta
605 2592 1154 2656 munificentissime
1194 2593 1268 2655 ab
1316 2610 1393 2656 eo
1433 2593 1764 2656 habebatur
1774 2613 1794 2669 ;
1852 2593 2066 2658 Cicero
2127 2596 2285 2659 enim
2341 2595 2415 2658 ad
2472 2596 2592 2660 Att.

385 2690 514 2769 XV,
540 2690 637 2769 15,
662 2691 703 2752 2
745 2691 1019 2755 distincte
1044 2691 1423 2756 Ammonium
1452 2711 1848 2775 „sponsorem
1878 2694 2306 2775 promissorum
2341 2695 2594 2778 reginae

383 2789 676 2871 appellat,
724 2809 880 2871 quae
921 2791 1158 2873 quidem
1201 2793 1633 2875 promissorum
1676 2798 1847 2854 erant
1890 2789 2243 2873 φιλόλογα
2286 2799 2348 2861 et
2387 2793 2596 2878 digni-

380 2890 519 2951 tatis
561 2907 757 2970 meae,
794 2897 863 2953 ut
901 2890 998 2955 vel
1040 2890 1102 2954 in
1133 2890 1428 2954 concione
1459 2890 1664 2952 dicere
1700 2889 2045 2953 auderem“.
2126 2891 2375 2955 Videtur
2407 2894 2591 2975 igitur

376 3160 731 3230 λικνοφορήσας
748 3195 766 3219 ,
801 3161 999 3212 τούτων
1033 3166 1238 3227 γενέται
1251 3199 1271 3223 ,
1305 3161 1373 3222 ὥς
1407 3165 1597 3234 ἱστορεῖ
1625 3162 1909 3224 Ἀμμώνιος
1944 3163 1998 3215 ἐν
2045 3164 2199 3235 τρίτῃ
2235 3161 2352 3233 περὶ
2389 3160 2584 3225 βωμῶν

378 3246 462 3294 καὶ
499 3243 729 3307 &vam-'U
785 3244 948 3306 ΧΙΠ,
986 3252 1105 3303 567.
1140 3265 1193 3302 tt.
1230 3250 1315 3301 Σύ
1349 3248 1429 3310 δέ,
1461 3239 1503 3301 (3
1539 3248 1773 3310 σοφιστά,
1810 3251 1863 3302 ἐν
1900 3257 2007 3307 τοῖς
2038 3247 2328 3315 καπηλείοις
2362 3266 2591 3300 συνανα··

379 3330 544 3402 φύρῃ,
579 3329 636 3379 οὐ
665 3328 788 3389 μεθ’
829 3327 1079 3401 ἑταίρων,
1114 3328 1245 3383 α’λλοὶ
1274 3332 1405 3394 μετά
1441 3332 1678 3406 ἑταιρῶν,
1731 3333 2179 3404 μαστροπευούσας
2225 3334 2344 3402 περὶ
2393 3334 2584 3385 σαυτὸν

375 3416 461 3466 οἰκ
510 3413 682 3478 ὀλίγας
728 3413 863 3478 ἔχων
881 3450 899 3475 ,
973 3415 1058 3467 καὶ
1106 3423 1386 3487 περιφέρων
1434 3418 1514 3470 ἀεὶ
1567 3419 1766 3471 τοιαυτὶ
1829 3418 2009 3484 βιβλία
2058 3416 2451 3488 Ἀριστοφάνους
2499 3417 2584 3469 καὶ

369 3498 753 3570 Ἀπολλοδώρου
818 3498 907 3551 καὶ
954 3500 1018 3551 Ἀ
1028 3507 1254 3562 μμωνί
1266 3523 1339 3554 οι·
1398 3503 1483 3554 καὶ
1538 3502 1902 3565 Ἀντιφάνους,
1974 3505 2056 3555 ἔτι
2110 3504 2166 3554 ὃὸ
2214 3505 2434 3572 Γοργίου
2488 3501 2581 3555 τοῦ

368 3584 684 3653 Ἀθηναῖοι»,
721 3584 1015 3638 πάντων
1048 3588 1320 3641 τούτων
1353 3595 1951 3661 συγγεγραφότων
2000 3589 2159 3661 περὶ
2197 3588 2342 3642 ,τοῖν
2379 3587 2579 3657 Ἀθή·

371 3690 567 3739 νησιν
602 3670 1004 3740 ἑταιρίδων.

514 3756 568 3821 1)
609 3754 725 3811 Cic.
761 3755 829 3806 ad
869 3757 998 3813 fam.
1034 3755 1080 3820 Ι,
1125 3765 1175 3818 1,
1216 3763 1261 3813 1.
1302 3755 1364 3809 In
1401 3773 1598 3811 mussa
1637 3757 1776 3811 haec
1810 3763 1959 3810 eunt.
2036 3755 2385 3818 Ammonius,
2426 3753 2578 3824 regie

370 3838 635 3906 legatus,
670 3846 868 3908 aperte
906 3841 1142 3910 pecunia
1178 3858 1275 3894 noo
1313 3848 1638 3911 oppugnat,
1678 3849 1903 3907 ceter-⁸3
1956 3840 2042 3893 ad.
2082 3841 2196 3908 Qu.
2231 3840 2304 3893 fr.
2339 3837 2410 3902 11,
2451 3842 2504 3902 3,
2544 3848 2569 3895 1

374 3921 514 3972 Cato
551 3924 734 3992 legem
775 3925 1160 3996 promulgavit
1196 3927 1265 3980 de
1302 3927 1540 3996 imperio
1578 3926 1808 3982 Lentuli
1844 3925 2189 3994 abrogando.
2273 3923 2381 3975 Dio
2415 3924 2572 3978 Cass.

372 4003 644 4065 xxxm.
688 4013 906 4068 15-16.
980 4013 1064 4064 De
1102 4012 1342 4068 Lentulo
1383 4013 1575 4066 videas
1615 4013 1800 4081 Pauly
1844 4028 1891 4067 ο.
1932 4007 2193 4063 Cornelia
2229 4026 2382 4081 gens.

507 4094 567 4147 2)
603 4090 690 4145 Cf.
727 4090 886 4149 Suet.
925 4094 1086 4151 Caes.
1123 4103 1207 4153 52-
1281 4098 1386 4153 nto
1424 4101 1584 4154 Gon.
1618 4097 1825 4161 Xan,
1859 4102 1946 4154 27.
