3017 4825
1459 332 1553 402 56

417 546 949 634 θρυλλουμένῳ,
1001 542 1089 616 ὡς
1137 545 1173 629 ἦ
1221 542 1758 631 δημοκρατία
1804 543 1958 605 τῶν
2005 539 2400 624 μεγάλων
2445 544 2640 628 ἁγα-

418 646 522 726 θὴ
584 646 972 730 τιθηνὸς,
1045 630 1083 730 ἦ
1141 642 1309 729 μόνῃ
1369 639 1618 726 σχεδὸν
1690 643 1801 704 καὶ
1874 661 2304 724 συνηκμασαν
2372 644 2435 705 οἱ
2491 640 2643 729 περὶ

428 741 687 824 λόγους
735 742 929 809 δεινοὶ
980 738 1089 806 καὶ
1139 738 1696 814 συναπέθανοιι(;
1761 757 1839 802 an
1882 758 2090 802 verum
2136 746 2231 802 est
2271 740 2413 804 illud
2455 743 2644 824 vulgo

426 842 644 905 dictum
688 861 760 905 ac
802 841 1175 906 decantatum
1194 887 1211 920 ,
1279 838 1704 902 democratiam
1762 838 2054 901 nutricem
2107 840 2281 918 quasi
2325 857 2465 902 esse
2507 841 2647 905 elo-

427 941 708 1020 quentiae
772 948 834 1003 et
890 942 1156 1003 excitare
1215 938 1485 1001 laudibus
1565 937 1966 1018 praemiisque
2042 937 2258 1016 cuique
2311 940 2644 1020 propositis

424 1056 655 1100 summa
700 1039 761 1100 in
825 1037 1078 1101 dicendo
1132 1036 1416 1119 ingenia?
1501 1034 1760 1098 Nostrae
1825 1040 2025 1096 autem
2082 1035 2291 1098 aetatis
2345 1035 2644 1117 homines,

425 1125 624 1218 pergit
689 1137 1106 1218 philosophuS,
1191 1140 1437 1216 propter
1506 1131 1668 1214 quod
1751 1133 2060 1196 neminem·
2119 1151 2201 1193 ex
2275 1134 2641 1215 principibus

424 1234 737 1314 qratoriae
775 1236 915 1300 artis
961 1241 1060 1296 aut
1100 1233 1377 1295 viderunt
1416 1237 1522 1293 aut
1562 1229 1905 1308 audierunt,
1960 1228 2120 1309 quod
2175 1229 2317 1294 iude
2357 1249 2397 1292 a
2437 1233 2643 1311 pueris

430 1331 677 1394 servitio
754 1332 922 1414 justo
999 1332 1380 1395 continentur
1471 1335 1550 1390 et'
1623 1329 2068 1409 opprimuntur,
2165 1334 2442 1392 oratores
2510 1329 2645 1393 fieri

432 1430 800 1494 excellentes
836 1448 959 1494 non
1000 1435 1288 1511 possunt,
1332 1426 1442 1492 sed
1484 1427 1846 1510 magniloqui
1888 1425 2387 1507 gloriabundique
2427 1427 2644 1492 adula-

431 1533 615 1590 toreS.
697 1529 863 1591 Haec
903 1547 1036 1592 cum
1082 1526 1502 1605 desperatione
1564 1523 1817 1604 quadam
1877 1524 2137 1586 omnium
2203 1541 2402 1586 rerum
2460 1526 2641 1590 effata

431 1625 595 1686 nullo
640 1626 819 1687 modo
859 1633 1113 1707 possunt
1152 1623 1344 1688 addici
1400 1622 1615 1685 seculo
1677 1623 1888 1700 tertio,
1958 1622 2058 1683 ubi
2114 1622 2397 1684 libertatis
2448 1641 2631 1703 quum

436 1722 708 1803 specieS,
771 1729 892 1785 tum
934 1741 1076 1804 spes
1138 1723 1331 1784 omnis
1366 1721 1596 1803 jamdiu
1638 1720 2060 1802 praeterierat3
2119 1738 2326 1782 verum
2361 1727 2630 1802 tempore

432 1821 653 1902 scripta
706 1822 1018 1901 videntur,
1081 1840 1201 1903 quo
1263 1820 1529 1884 nondum
1591 1840 1671 1883 ex
1721 1820 2021 1882 hominum
2079 1820 2289 1881 animis
2351 1823 2633 1884 memoria

432 1920 702 2001 perditae
746 1929 806 1984 et
845 1922 1061 1985 fiducia
1101 1919 1549 2003 recuperandae
1591 1920 1818 1982 liberae
1860 1918 2387 2012 civitatisprorsus
2418 1936 2639 1982 exces-

436 2024 617 2090 serat.
697 2019 1039 2086 Estelatae
1080 2028 1260 2101 atque
1303 2027 1368 2084 ut
1408 2020 1489 2082 ita
1529 2019 1718 2082 dicam
1763 2019 1989 2081 stoicae
2032 2019 2266 2095 mentis,
2311 2024 2471 2083 tanta
2507 2036 2645 2080 cum

436 2117 760 2179 severitate
804 2126 865 2180 et
905 2121 1197 2201 gravitate
1240 2119 1566 2199 dijudicare
1595 2118 1896 2181 hominum
1928 2117 2250 2197 pravitates
2288 2115 2649 2198 laudataque

436 2214 725 2279 libertatis
765 2218 1125 2297 praestantia
1168 2218 1448 2279 meliores
1493 2218 1732 2282 humani
1775 2218 2026 2297 generis
2075 2216 2156 2280 ad
2205 2216 2402 2297 ipsum
2455 2216 2649 2280 liber-

438 2315 576 2376 tatis
614 2315 871 2380 studium
917 2316 1240 2396 exagitare.
1325 2315 1468 2387 Quis
1494 2333 1645 2377 vero
1691 2315 1941 2393 audeat,
1983 2316 2175 2378 virum
2213 2315 2318 2378 tali
2357 2317 2649 2396 sapientia

434 2413 722 2477 imbutum
753 2416 1118 2496 dignumque
1148 2414 1249 2494 qui
1282 2414 1516 2476 viveret
1558 2415 1813 2495 antiquis
1855 2415 2217 2496 reipublicae
2255 2417 2649 2496 temporibuS,

438 2510 839 2575 Aurelianeae
899 2513 1111 2589 aetati,
1187 2530 1303 2593 qua
1372 2512 1709 2593 sophisticis
1769 2513 1914 2577 rixis
1977 2513 2254 2593 impletus
2311 2511 2423 2578 fuit
2480 2516 2647 2577 orbis

439 2614 770 2689 terrarum,
828 2610 1202 2694 adiudicaret
1267 2611 1374 2673 Cui
1417 2630 1554 2675 nam
1594 2612 1819 2691 legenti
1862 2629 1984 2673 non
2041 2613 2101 2672 in
2144 2618 2404 2673 mentem
2446 2614 2647 2694 potius

440 2707 606 2768 venit
649 2708 960 2773 Cornelius
1005 2711 1273 2786 TacituS,
1335 2710 1435 2789 qui
1476 2711 1539 2770 in
1581 2709 1821 2791 dialogo
1865 2710 2213 2790 saepissime
2255 2710 2410 2772 hanc
2451 2713 2649 2791 potis-

440 2806 651 2867 simum
712 2826 1018 2883 caussam,
1092 2806 1516 2887 rempublicam
1574 2807 1707 2869 dico
1764 2809 2148 2884 subversam,
2227 2815 2442 2890 urget,
2529 2830 2644 2891 qua

443 2902 769 2981 efficiatur,
815 2911 879 2966 ut
910 2906 1034 2986 Jam
1078 2922 1189 2967 suo
1234 2907 1477 2969 saeculo
1522 2925 1702 2970 nemo
1746 2907 2049 2970 excellens
2094 2913 2297 2969 orator
2335 2907 2647 2973 habendus

442 3001 553 3064 siti
636 3001 723 3065 Cf.
767 3005 1054 3068 simillima
1112 3006 1170 3067 in
1223 3007 1325 3068 vit.
1389 3004 1658 3086 Agricol.
1718 3025 1807 3084 cp.
1852 3005 1934 3065 11:
2007 3003 2283 3082 „Scilicet
2337 3007 2440 3069 illo
2500 3008 2646 3089 igne

440 3119 654 3164 vocem
695 3105 895 3185 populi
923 3105 1090 3167 Rom.
1124 3112 1185 3166 et
1211 3104 1544 3169 libertatem
1577 3110 1819 3165 senatus
1853 3109 1916 3165 et
1947 3105 2372 3167 conscientiam
2402 3109 2648 3187 generis

439 3198 680 3262 humani
721 3201 950 3265 aboleri
993 3204 1426 3267 arbitrabantur
1441 3247 1458 3278 ,
1504 3209 1789 3280 ecc-pulsis
1827 3213 2083 3284 insuper
2124 3215 2457 3283 aopimztiae
2493 3226 2649 3284 pro-

438 3302 786 3371 fessoribus
824 3311 1012 3380 alque
1064 3309 1234 3363 omni
1290 3307 1446 3362 bona
1497 3312 1633 3364 arte
1690 3311 1758 3363 in
1810 3311 2070 3367 exilium
2128 3315 2271 3364 acta
2286 3350 2305 3381 ,
2367 3322 2447 3365 nc
2499 3314 2654 3386 quid

443 3414 712 3475 usquam
792 3401 1114 3457 honestum
1192 3410 1566 3461 occurreret.
1706 3400 2016 3465 Dedimus.
2066 3399 2340 3481 profecto
2416 3402 2651 3482 grando

443 3494 761 3574 patientiae
789 3494 1241 3558 documentum:
1285 3502 1347 3558 et
1386 3499 1541 3560 sicut
1571 3505 1743 3561 vetus
1785 3508 1952 3562 aetas
1992 3500 2158 3577 vidit,
2200 3498 2343 3579 quid
2384 3501 2651 3563 ultimum

443 3591 506 3652 in
557 3592 831 3656 libertate
885 3600 1078 3671 esset,
1136 3602 1225 3655 ila
1279 3615 1431 3675 nos,
1498 3606 1648 3677 quid
1701 3607 1768 3660 in
1826 3607 2155 3679 seruitute,
2220 3606 2500 3674 adempto
2537 3620 2653 3676 per

402 3687 407 3693 '
444 3697 875 3770 inquisitiones
930 3705 990 3753 et
1046 3700 1338 3774 loquendi
1390 3703 1799 3775 audiendique
1823 3695 2264 3758 ‘commen-iffi.
2348 3694 2516 3756 Haec
2558 3703 2663 3763 est.

451 3784 721 3851 δουλεία
767 3790 864 3852 illa
911 3787 1129 3851 δικαία
1176 3789 1510 3870 philosophi
1568 3793 1796 3870 nostri,
1843 3795 2012 3873 justa
2067 3798 2420 3872 propterea,
2491 3794 2652 3872 quod

446 3902 569 3947 non
627 3888 913 3949 audemus
990 3889 1222 3950 vincula
1295 3889 1705 3970 perfringere,
1788 3891 2000 3968 quibus
2078 3888 2337 3951 adstricti
2412 3907 2653 3954 sumus:

447 3982 718 4046 libertate
763 3986 918 4047 enim
972 4004 1094 4048 non
1152 3986 1314 4068 digni
1378 3994 1552 4065 sunt,
1616 3989 1713 4067 qui
1776 4006 1906 4049 eam
1964 4005 2083 4050 non
2144 3990 2385 4069 assequi
2436 3990 2653 4068 sciunt,

449 4083 609 4161 iique
643 4085 785 4164 Jure
826 4086 1022 4164 servi,
1082 4086 1183 4166 qui
1234 4087 1422 4155 libere
1479 4088 1687 4149 vivere
1746 4104 1865 4149 non
1908 4093 2129 4151 tenent.
2234 4087 2397 4149 Haec
2457 4086 2653 4150 divina
