<?xml version="1.0" encoding="UTF-8"?>
<!DOCTYPE html PUBLIC "-//W3C//DTD XHTML 1.0 Transitional//EN"
    "http://www.w3.org/TR/xhtml1/DTD/xhtml1-transitional.dtd">
<html xmlns="http://www.w3.org/1999/xhtml" xml:lang="en" lang="en">
 <head>
  <title>
</title>
<meta http-equiv="Content-Type" content="text/html;charset=utf-8" />
  <meta name='ocr-system' content='tesseract 3.04.00' />
  <meta name='ocr-capabilities' content='ocr_page ocr_carea ocr_par ocr_line ocrx_word'/>
</head>
<body>
  <div class='ocr_page' id='page_1' title='image "./descriptorelibr00unkngoog_0062.png"; bbox 0 0 3017 4825; ppageno 0'>
   <div class='ocr_carea' id='block_1_1' title="bbox 1519 356 1618 427">
    <p class='ocr_par' dir='ltr' id='par_1_1' title="bbox 1519 356 1618 427">
     <span class='ocr_line' id='line_1_1' title="bbox 1519 356 1618 427; baseline 0 0"><span class='ocrx_word' id='word_1_1' title='bbox 1519 356 1618 427; x_wconf 78' lang='lat'>58</span> 
     </span>
    </p>
   </div>
   <div class='ocr_carea' id='block_1_2' title="bbox 1377 459 1765 469">
    <p class='ocr_par' dir='ltr' id='par_1_2' title="bbox 1377 459 1765 469">
     <span class='ocr_line' id='line_1_2' title="bbox 1377 459 1765 469; baseline 0 4356"><span class='ocrx_word' id='word_1_2' title='bbox 1377 459 1765 469; x_wconf 95' lang='lat' dir='ltr'> </span> 
     </span>
    </p>
   </div>
   <div class='ocr_carea' id='block_1_3' title="bbox 464 571 2676 4201">
    <p class='ocr_par' dir='ltr' id='par_1_3' title="bbox 464 571 2676 4201">
     <span class='ocr_line' id='line_1_3' title="bbox 468 571 2665 654; baseline 0 -19"><span class='ocrx_word' id='word_1_3' title='bbox 468 573 697 654; x_wconf 88' lang='lat' dir='ltr'>imperii</span> <span class='ocrx_word' id='word_1_4' title='bbox 739 573 927 654; x_wconf 88' lang='lat' dir='ltr'>primo</span> <span class='ocrx_word' id='word_1_5' title='bbox 984 578 1391 654; x_wconf 82' lang='lat' dir='ltr'>expugnatum</span> <span class='ocrx_word' id='word_1_6' title='bbox 1447 578 1569 648; x_wconf 86' lang='lat' dir='ltr'>est3</span> <span class='ocrx_word' id='word_1_7' title='bbox 1638 589 1824 652; x_wconf 89' lang='lat' dir='ltr'>quare</span> <span class='ocrx_word' id='word_1_8' title='bbox 1865 571 2235 653; x_wconf 82' lang='lat' dir='ltr'>Vespasiano</span> <span class='ocrx_word' id='word_1_9' title='bbox 2287 571 2665 653; x_wconf 77' lang='lat' dir='ltr'>praesidente</span> 
     </span>
     <span class='ocr_line' id='line_1_4' title="bbox 468 668 2666 752; baseline 0 -19"><span class='ocrx_word' id='word_1_10' title='bbox 468 689 576 751; x_wconf 91' lang='lat' dir='ltr'>par</span> <span class='ocrx_word' id='word_1_11' title='bbox 619 678 751 733; x_wconf 85' lang='lat' dir='ltr'>erat</span> <span class='ocrx_word' id='word_1_12' title='bbox 788 671 864 733; x_wconf 88' lang='lat' dir='ltr'>de</span> <span class='ocrx_word' id='word_1_13' title='bbox 920 689 1069 752; x_wconf 89' lang='lat' dir='ltr'>pace</span> <span class='ocrx_word' id='word_1_14' title='bbox 1122 671 1306 732; x_wconf 82' lang='lat' dir='ltr'>verba</span> <span class='ocrx_word' id='word_1_15' title='bbox 1361 668 1593 747; x_wconf 81' lang='lat' dir='ltr'>facere,</span> <span class='ocrx_word' id='word_1_16' title='bbox 1656 687 1813 749; x_wconf 86' lang='lat' dir='ltr'>quae</span> <span class='ocrx_word' id='word_1_17' title='bbox 1864 675 2053 731; x_wconf 83' lang='lat' dir='ltr'>totum</span> <span class='ocrx_word' id='word_1_18' title='bbox 2105 676 2396 732; x_wconf 87' lang='lat' dir='ltr'>terrarum</span> <span class='ocrx_word' id='word_1_19' title='bbox 2456 671 2666 733; x_wconf 88' lang='lat' dir='ltr'>orbem</span> 
     </span>
     <span class='ocr_line' id='line_1_5' title="bbox 469 768 2668 850; baseline 0 -19"><span class='ocrx_word' id='word_1_20' title='bbox 469 770 787 849; x_wconf 82' lang='lat' dir='ltr'>obtineret,</span> <span class='ocrx_word' id='word_1_21' title='bbox 829 788 951 833; x_wconf 89' lang='lat' dir='ltr'>non</span> <span class='ocrx_word' id='word_1_22' title='bbox 994 777 1190 832; x_wconf 88' lang='lat' dir='ltr'>autem</span> <span class='ocrx_word' id='word_1_23' title='bbox 1230 768 1554 831; x_wconf 83' lang='lat' dir='ltr'>Aureliano</span> <span class='ocrx_word' id='word_1_24' title='bbox 1595 769 1945 849; x_wconf 79' lang='lat' dir='ltr'>imperante,</span> <span class='ocrx_word' id='word_1_25' title='bbox 1989 770 2088 849; x_wconf 84' lang='lat' dir='ltr'>qni</span> <span class='ocrx_word' id='word_1_26' title='bbox 2134 771 2396 849; x_wconf 87' lang='lat' dir='ltr'>quinque</span> <span class='ocrx_word' id='word_1_27' title='bbox 2435 771 2668 850; x_wconf 85' lang='lat' dir='ltr'>imperii</span> 
     </span>
     <span class='ocr_line' id='line_1_6' title="bbox 470 867 2669 950; baseline -0 -19"><span class='ocrx_word' id='word_1_28' title='bbox 470 869 564 932; x_wconf 83' lang='lat' dir='ltr'>sui</span> <span class='ocrx_word' id='word_1_29' title='bbox 623 886 811 931; x_wconf 87' lang='lat' dir='ltr'>annos</span> <span class='ocrx_word' id='word_1_30' title='bbox 862 876 1154 950; x_wconf 87' lang='lat' dir='ltr'>perpetuo</span> <span class='ocrx_word' id='word_1_31' title='bbox 1215 886 1511 930; x_wconf 81' lang='lat' dir='ltr'>armorum</span> <span class='ocrx_word' id='word_1_32' title='bbox 1589 868 1839 948; x_wconf 89' lang='lat' dir='ltr'>strepitu</span> <span class='ocrx_word' id='word_1_33' title='bbox 1898 868 2168 948; x_wconf 79' lang='lat' dir='ltr'>replevit.</span> <span class='ocrx_word' id='word_1_34' title='bbox 2264 869 2354 931; x_wconf 92' lang='lat' dir='ltr'>De</span> <span class='ocrx_word' id='word_1_35' title='bbox 2408 867 2669 950; x_wconf 79' lang='lat' dir='ltr'><strong>Augusti</strong></span> 
     </span>
     <span class='ocr_line' id='line_1_7' title="bbox 469 967 2670 1052; baseline 0 -23"><span class='ocrx_word' id='word_1_36' title='bbox 469 985 617 1030; x_wconf 83' lang='lat' dir='ltr'>vero</span> <span class='ocrx_word' id='word_1_37' title='bbox 662 985 813 1030; x_wconf 83' lang='lat' dir='ltr'>aevo</span> <span class='ocrx_word' id='word_1_38' title='bbox 858 968 1111 1049; x_wconf 82' lang='lat' dir='ltr'>cogitari</span> <span class='ocrx_word' id='word_1_39' title='bbox 1149 967 1359 1047; x_wconf 81' lang='lat' dir='ltr'>nequit</span> <span class='ocrx_word' id='word_1_40' title='bbox 1413 972 1689 1052; x_wconf 6' lang='lat' dir='ltr'>propter,</span> <span class='ocrx_word' id='word_1_41' title='bbox 1718 983 1968 1029; x_wconf 75' lang='lat' dir='ltr'><strong>caussas</strong></span> <span class='ocrx_word' id='word_1_42' title='bbox 2017 967 2146 1030; x_wconf 90' lang='lat' dir='ltr'>illas</span> <span class='ocrx_word' id='word_1_43' title='bbox 2183 979 2445 1045; x_wconf 79' lang='lat' dir='ltr'>omnes,</span> <span class='ocrx_word' id='word_1_44' title='bbox 2510 985 2670 1048; x_wconf 87' lang='lat' dir='ltr'>qnae</span> 
     </span>
     <span class='ocr_line' id='line_1_8' title="bbox 470 1061 2667 1147; baseline 0 -20"><span class='ocrx_word' id='word_1_45' title='bbox 470 1064 687 1146; x_wconf 80' lang='lat' dir='ltr'>(supra</span> <span class='ocrx_word' id='word_1_46' title='bbox 729 1084 828 1147; x_wconf 82' lang='lat' dir='ltr'>pg.</span> <span class='ocrx_word' id='word_1_47' title='bbox 871 1064 947 1126; x_wconf 80' lang='lat'>17</span> <span class='ocrx_word' id='word_1_48' title='bbox 989 1083 1120 1146; x_wconf 85' lang='lat' dir='ltr'><strong>sqq.</strong></span> <span class='ocrx_word' id='word_1_49' title='bbox 1165 1061 1451 1146; x_wconf 79' lang='lat' dir='ltr'>collecta]</span> <span class='ocrx_word' id='word_1_50' title='bbox 1497 1065 1810 1143; x_wconf 83' lang='lat' dir='ltr'>cohibent,</span> <span class='ocrx_word' id='word_1_51' title='bbox 1857 1083 1935 1127; x_wconf 92' lang='lat' dir='ltr'>ne</span> <span class='ocrx_word' id='word_1_52' title='bbox 1976 1065 2132 1128; x_wconf 88' lang='lat' dir='ltr'>illius</span> <span class='ocrx_word' id='word_1_53' title='bbox 2175 1072 2370 1128; x_wconf 82' lang='lat' dir='ltr'>aetate</span> <span class='ocrx_word' id='word_1_54' title='bbox 2410 1067 2667 1145; x_wconf 77' lang='lat' dir='ltr'>scriptus</span> 
     </span>
     <span class='ocr_line' id='line_1_9' title="bbox 469 1162 2669 1244; baseline 0 -19"><span class='ocrx_word' id='word_1_55' title='bbox 469 1164 548 1225; x_wconf 89' lang='lat' dir='ltr'>sit</span> <span class='ocrx_word' id='word_1_56' title='bbox 588 1164 1048 1225; x_wconf 82' lang='lat' dir='ltr'>commentarius</span> <span class='ocrx_word' id='word_1_57' title='bbox 1091 1162 1167 1224; x_wconf 79' lang='lat' dir='ltr'>de</span> <span class='ocrx_word' id='word_1_58' title='bbox 1195 1163 1571 1225; x_wconf 84' lang='lat' dir='ltr'>sublimitate.</span> <span class='ocrx_word' id='word_1_59' title='bbox 1675 1162 1840 1244; x_wconf 87' lang='lat' dir='ltr'>Ergo</span> <span class='ocrx_word' id='word_1_60' title='bbox 1869 1181 2041 1243; x_wconf 57' lang='lat' dir='ltr'>vpace</span> <span class='ocrx_word' id='word_1_61' title='bbox 2100 1181 2343 1243; x_wconf 84' lang='lat' dir='ltr'>quoque</span> <span class='ocrx_word' id='word_1_62' title='bbox 2394 1181 2669 1226; x_wconf 87' lang='lat' dir='ltr'>comme—-</span> 
     </span>
     <span class='ocr_line' id='line_1_10' title="bbox 464 1261 2670 1344; baseline -0 -18"><span class='ocrx_word' id='word_1_63' title='bbox 464 1267 696 1326; x_wconf 71' lang='lat' dir='ltr'>morata</span> <span class='ocrx_word' id='word_1_64' title='bbox 755 1262 1105 1343; x_wconf 79' lang='lat' dir='ltr'><strong>Vespasiani</strong></span> <span class='ocrx_word' id='word_1_65' title='bbox 1159 1262 1523 1342; x_wconf 78' lang='lat' dir='ltr'><strong>principatus</strong></span> <span class='ocrx_word' id='word_1_66' title='bbox 1577 1263 1894 1342; x_wconf 88' lang='lat' dir='ltr'>perspicue</span> <span class='ocrx_word' id='word_1_67' title='bbox 1945 1262 2327 1344; x_wconf 79' lang='lat' dir='ltr'>significatur.</span> <span class='ocrx_word' id='word_1_68' title='bbox 2427 1261 2545 1326; x_wconf 86' lang='lat' dir='ltr'>Sed</span> <span class='ocrx_word' id='word_1_69' title='bbox 2597 1270 2670 1325; x_wconf 82' lang='lat' dir='ltr'>ut</span> 
     </span>
     <span class='ocr_line' id='line_1_11' title="bbox 470 1360 2672 1455; baseline 0.002 -34"><span class='ocrx_word' id='word_1_70' title='bbox 470 1360 544 1421; x_wconf 87' lang='lat' dir='ltr'>ad</span> <span class='ocrx_word' id='word_1_71' title='bbox 582 1360 766 1423; x_wconf 86' lang='lat' dir='ltr'>verba</span> <span class='ocrx_word' id='word_1_72' title='bbox 806 1361 933 1441; x_wconf 90' lang='lat' dir='ltr'>ipsa</span> <span class='ocrx_word' id='word_1_73' title='bbox 971 1360 1437 1441; x_wconf 85' lang='lat' dir='ltr'>Pseudolongini</span> <span class='ocrx_word' id='word_1_74' title='bbox 1478 1362 1669 1422; x_wconf 86' lang='lat' dir='ltr'>nostri</span> <span class='ocrx_word' id='word_1_75' title='bbox 1703 1360 2030 1455; x_wconf 68' lang='lat' dir='ltr'>reflectam,</span> <span class='ocrx_word' id='word_1_76' title='bbox 2072 1368 2210 1426; x_wconf 80' lang='lat' dir='ltr'>sunt</span> <span class='ocrx_word' id='word_1_77' title='bbox 2248 1362 2400 1423; x_wconf 88' lang='lat' dir='ltr'>haec</span> <span class='ocrx_word' id='word_1_78' title='bbox 2424 1375 2672 1442; x_wconf 87' lang='lat' dir='ltr'>quoque</span> 
     </span>
     <span class='ocr_line' id='line_1_12' title="bbox 466 1458 2671 1544; baseline 0.001 -24"><span class='ocrx_word' id='word_1_79' title='bbox 466 1475 592 1521; x_wconf 83' lang='lat' dir='ltr'>non</span> <span class='ocrx_word' id='word_1_80' title='bbox 630 1458 810 1521; x_wconf 85' lang='lat' dir='ltr'>modo</span> <span class='ocrx_word' id='word_1_81' title='bbox 853 1460 1083 1536; x_wconf 80' lang='lat' dir='ltr'><strong>similia,</strong></span> <span class='ocrx_word' id='word_1_82' title='bbox 1125 1458 1231 1521; x_wconf 90' lang='lat' dir='ltr'>sed</span> <span class='ocrx_word' id='word_1_83' title='bbox 1274 1459 1409 1522; x_wconf 87' lang='lat' dir='ltr'>fere</span> <span class='ocrx_word' id='word_1_84' title='bbox 1439 1458 1670 1537; x_wconf 76' lang='lat' dir='ltr'>eadem,</span> <span class='ocrx_word' id='word_1_85' title='bbox 1713 1465 1893 1539; x_wconf 87' lang='lat' dir='ltr'>atque</span> <span class='ocrx_word' id='word_1_86' title='bbox 1924 1458 2163 1521; x_wconf 85' lang='lat' dir='ltr'>Tacilea</span> <span class='ocrx_word' id='word_1_87' title='bbox 2203 1460 2300 1522; x_wconf 89' lang='lat' dir='ltr'>illa</span> <span class='ocrx_word' id='word_1_88' title='bbox 2344 1462 2403 1522; x_wconf 89' lang='lat' dir='ltr'>in</span> <span class='ocrx_word' id='word_1_89' title='bbox 2444 1460 2671 1544; x_wconf 79' lang='lat' dir='ltr'><strong>dialogi</strong></span> 
     </span>
     <span class='ocr_line' id='line_1_13' title="bbox 470 1555 2674 1636; baseline 0.002 -19"><span class='ocrx_word' id='word_1_90' title='bbox 470 1558 528 1634; x_wconf 67' lang='lat'>§</span> <span class='ocrx_word' id='word_1_91' title='bbox 573 1556 685 1617; x_wconf 85' lang='lat'>15:</span> <span class='ocrx_word' id='word_1_92' title='bbox 753 1557 940 1634; x_wconf 84' lang='lat' dir='ltr'>„Tum</span> <span class='ocrx_word' id='word_1_93' title='bbox 979 1555 1170 1636; x_wconf 83' lang='lat' dir='ltr'>Aper:</span> <span class='ocrx_word' id='word_1_94' title='bbox 1230 1556 1362 1618; x_wconf 91' lang='lat' dir='ltr'>Non</span> <span class='ocrx_word' id='word_1_95' title='bbox 1416 1556 1675 1635; x_wconf 73' lang='lat' dir='ltr'>desiniS,</span> <span class='ocrx_word' id='word_1_96' title='bbox 1726 1557 2014 1635; x_wconf 85' lang='lat' dir='ltr'><strong>Messala,</strong></span> <span class='ocrx_word' id='word_1_97' title='bbox 2073 1570 2281 1620; x_wconf 74' lang='lat' dir='ltr'>vetera</span> <span class='ocrx_word' id='word_1_98' title='bbox 2327 1571 2567 1621; x_wconf 78' lang='lat' dir='ltr'>tantum</span> <span class='ocrx_word' id='word_1_99' title='bbox 2606 1571 2674 1622; x_wconf 78' lang='lat' dir='ltr'>et</span> 
     </span>
     <span class='ocr_line' id='line_1_14' title="bbox 468 1656 2669 1738; baseline 0.001 -21"><span class='ocrx_word' id='word_1_100' title='bbox 468 1664 729 1736; x_wconf 68' lang='lat' dir='ltr'>antiqua</span> <span class='ocrx_word' id='word_1_101' title='bbox 785 1664 1031 1734; x_wconf 75' lang='lat' dir='ltr'>mirari,</span> <span class='ocrx_word' id='word_1_102' title='bbox 1113 1662 1457 1717; x_wconf 85' lang='lat' dir='ltr'>nostrornm</span> <span class='ocrx_word' id='word_1_103' title='bbox 1519 1663 1718 1718; x_wconf 85' lang='lat' dir='ltr'>autem</span> <span class='ocrx_word' id='word_1_104' title='bbox 1778 1663 2113 1738; x_wconf 86' lang='lat' dir='ltr'>temporum</span> <span class='ocrx_word' id='word_1_105' title='bbox 2168 1657 2360 1720; x_wconf 84' lang='lat' dir='ltr'>studia</span> <span class='ocrx_word' id='word_1_106' title='bbox 2413 1656 2669 1720; x_wconf 89' lang='lat' dir='ltr'>irridere</span> 
     </span>
     <span class='ocr_line' id='line_1_15' title="bbox 469 1753 2667 1836; baseline 0.002 -23"><span class='ocrx_word' id='word_1_107' title='bbox 469 1758 648 1832; x_wconf 87' lang='lat' dir='ltr'>atque</span> <span class='ocrx_word' id='word_1_108' title='bbox 688 1753 1127 1814; x_wconf 81' lang='lat' dir='ltr'>contemnere?</span> <span class='ocrx_word' id='word_1_109' title='bbox 1186 1753 1335 1814; x_wconf 89' lang='lat' dir='ltr'>Nam</span> <span class='ocrx_word' id='word_1_110' title='bbox 1392 1754 1551 1815; x_wconf 89' lang='lat' dir='ltr'>hunc</span> <span class='ocrx_word' id='word_1_111' title='bbox 1599 1761 1765 1817; x_wconf 87' lang='lat' dir='ltr'>tuum</span> <span class='ocrx_word' id='word_1_112' title='bbox 1824 1771 2164 1817; x_wconf 88' lang='lat' dir='ltr'>sermonem</span> <span class='ocrx_word' id='word_1_113' title='bbox 2206 1771 2390 1836; x_wconf 85' lang='lat' dir='ltr'>saepe</span> <span class='ocrx_word' id='word_1_114' title='bbox 2433 1756 2667 1836; x_wconf 77' lang='lat' dir='ltr'>excepi,</span> 
     </span>
     <span class='ocr_line' id='line_1_16' title="bbox 469 1850 2667 1933; baseline 0.002 -22"><span class='ocrx_word' id='word_1_115' title='bbox 469 1869 602 1912; x_wconf 88' lang='lat' dir='ltr'>cum</span> <span class='ocrx_word' id='word_1_116' title='bbox 643 1850 861 1913; x_wconf 88' lang='lat' dir='ltr'>oblitus</span> <span class='ocrx_word' id='word_1_117' title='bbox 901 1859 962 1912; x_wconf 87' lang='lat' dir='ltr'>et</span> <span class='ocrx_word' id='word_1_118' title='bbox 1016 1857 1154 1913; x_wconf 89' lang='lat' dir='ltr'>tuae</span> <span class='ocrx_word' id='word_1_119' title='bbox 1212 1860 1275 1914; x_wconf 87' lang='lat' dir='ltr'>et</span> <span class='ocrx_word' id='word_1_120' title='bbox 1325 1852 1526 1915; x_wconf 84' lang='lat' dir='ltr'>fratris</span> <span class='ocrx_word' id='word_1_121' title='bbox 1589 1854 1671 1915; x_wconf 87' lang='lat' dir='ltr'>tui</span> <span class='ocrx_word' id='word_1_122' title='bbox 1725 1854 2104 1933; x_wconf 78' lang='lat' dir='ltr'>eloquentiae</span> <span class='ocrx_word' id='word_1_123' title='bbox 2124 1901 2139 1931; x_wconf 91' lang='lat'>,</span> <span class='ocrx_word' id='word_1_124' title='bbox 2203 1863 2508 1915; x_wconf 79' lang='lat' dir='ltr'>neminem</span> <span class='ocrx_word' id='word_1_125' title='bbox 2549 1861 2667 1915; x_wconf 76' lang='lat' dir='ltr'>hoc</span> 
     </span>
     <span class='ocr_line' id='line_1_17' title="bbox 470 1952 2668 2034; baseline 0.003 -24"><span class='ocrx_word' id='word_1_126' title='bbox 470 1961 739 2028; x_wconf 82' lang='lat' dir='ltr'>tempore</span> <span class='ocrx_word' id='word_1_127' title='bbox 774 1962 1082 2012; x_wconf 80' lang='lat' dir='ltr'>oratorem</span> <span class='ocrx_word' id='word_1_128' title='bbox 1123 1972 1257 2012; x_wconf 74' lang='lat' dir='ltr'>esse.</span> <span class='ocrx_word' id='word_1_129' title='bbox 1297 1954 1756 2013; x_wconf 38' lang='lat' dir='ltr'>contenderes&amp;</span> <span class='ocrx_word' id='word_1_130' title='bbox 1839 1952 2154 2015; x_wconf 82' lang='lat' dir='ltr'>Contendit</span> <span class='ocrx_word' id='word_1_131' title='bbox 2177 1954 2376 2034; x_wconf 77' lang='lat' dir='ltr'>igilur</span> <span class='ocrx_word' id='word_1_132' title='bbox 2413 1953 2464 2014; x_wconf 82' lang='lat' dir='ltr'>is</span> <span class='ocrx_word' id='word_1_133' title='bbox 2482 1998 2502 2030; x_wconf 85' lang='lat'>,</span> <span class='ocrx_word' id='word_1_134' title='bbox 2564 1953 2668 2032; x_wconf 88' lang='lat' dir='ltr'>qui</span> 
     </span>
     <span class='ocr_line' id='line_1_18' title="bbox 469 2049 2668 2131; baseline 0 -20"><span class='ocrx_word' id='word_1_135' title='bbox 469 2049 707 2130; x_wconf 83' lang='lat' dir='ltr'><strong>scripsit</strong></span> <span class='ocrx_word' id='word_1_136' title='bbox 747 2051 1303 2112; x_wconf 83' lang='lat' dir='ltr'>commentationem</span> <span class='ocrx_word' id='word_1_137' title='bbox 1353 2058 1617 2113; x_wconf 88' lang='lat' dir='ltr'>nostram</span> <span class='ocrx_word' id='word_1_138' title='bbox 1640 2097 1656 2129; x_wconf 92' lang='lat'>,</span> <span class='ocrx_word' id='word_1_139' title='bbox 1727 2069 1850 2113; x_wconf 85' lang='lat' dir='ltr'>non</span> <span class='ocrx_word' id='word_1_140' title='bbox 1912 2052 2105 2114; x_wconf 86' lang='lat' dir='ltr'>solum</span> <span class='ocrx_word' id='word_1_141' title='bbox 2157 2052 2492 2113; x_wconf 87' lang='lat' dir='ltr'>libertatem</span> <span class='ocrx_word' id='word_1_142' title='bbox 2547 2068 2668 2131; x_wconf 90' lang='lat' dir='ltr'>op-</span> 
     </span>
     <span class='ocr_line' id='line_1_19' title="bbox 467 2147 2670 2230; baseline 0.001 -22"><span class='ocrx_word' id='word_1_143' title='bbox 467 2165 770 2228; x_wconf 78' lang='lat' dir='ltr'>pressam,</span> <span class='ocrx_word' id='word_1_144' title='bbox 828 2147 937 2208; x_wconf 87' lang='lat' dir='ltr'>sed</span> <span class='ocrx_word' id='word_1_145' title='bbox 979 2148 1156 2209; x_wconf 89' lang='lat' dir='ltr'>etiam</span> <span class='ocrx_word' id='word_1_146' title='bbox 1214 2154 1275 2209; x_wconf 92' lang='lat' dir='ltr'>et</span> <span class='ocrx_word' id='word_1_147' title='bbox 1327 2150 1649 2230; x_wconf 87' lang='lat' dir='ltr'>praecipue</span> <span class='ocrx_word' id='word_1_148' title='bbox 1688 2149 1990 2213; x_wconf 89' lang='lat' dir='ltr'>hominum</span> <span class='ocrx_word' id='word_1_149' title='bbox 2051 2167 2252 2212; x_wconf 85' lang='lat' dir='ltr'>mores</span> <span class='ocrx_word' id='word_1_150' title='bbox 2307 2148 2670 2230; x_wconf 85' lang='lat' dir='ltr'>depravatos</span> 
     </span>
     <span class='ocr_line' id='line_1_20' title="bbox 467 2246 2668 2328; baseline 0 -20"><span class='ocrx_word' id='word_1_151' title='bbox 467 2246 790 2327; x_wconf 87' lang='lat' dir='ltr'>impedire,</span> <span class='ocrx_word' id='word_1_152' title='bbox 852 2247 1166 2325; x_wconf 83' lang='lat' dir='ltr'>quominus</span> <span class='ocrx_word' id='word_1_153' title='bbox 1210 2247 1499 2326; x_wconf 86' lang='lat' dir='ltr'>existant,</span> <span class='ocrx_word' id='word_1_154' title='bbox 1564 2250 1665 2328; x_wconf 88' lang='lat' dir='ltr'>qui</span> <span class='ocrx_word' id='word_1_155' title='bbox 1723 2250 1784 2310; x_wconf 90' lang='lat' dir='ltr'>in</span> <span class='ocrx_word' id='word_1_156' title='bbox 1842 2249 2182 2328; x_wconf 82' lang='lat' dir='ltr'>eloquentia</span> <span class='ocrx_word' id='word_1_157' title='bbox 2239 2247 2468 2328; x_wconf 82' lang='lat' dir='ltr'>aliquid</span> <span class='ocrx_word' id='word_1_158' title='bbox 2509 2266 2668 2309; x_wconf 85' lang='lat' dir='ltr'>con·-</span> 
     </span>
     <span class='ocr_line' id='line_1_21' title="bbox 470 2346 2668 2430; baseline 0.001 -23"><span class='ocrx_word' id='word_1_159' title='bbox 470 2347 641 2426; x_wconf 85' lang='lat' dir='ltr'>sequi</span> <span class='ocrx_word' id='word_1_160' title='bbox 699 2347 928 2427; x_wconf 88' lang='lat' dir='ltr'>possint</span> <span class='ocrx_word' id='word_1_161' title='bbox 940 2367 958 2423; x_wconf 83' lang='lat'><em>3</em></span> <span class='ocrx_word' id='word_1_162' title='bbox 1018 2346 1262 2408; x_wconf 87' lang='lat' dir='ltr'>avaritia</span> <span class='ocrx_word' id='word_1_163' title='bbox 1316 2349 1500 2425; x_wconf 86' lang='lat' dir='ltr'>enim,</span> <span class='ocrx_word' id='word_1_164' title='bbox 1562 2349 1672 2425; x_wconf 87' lang='lat' dir='ltr'>ait,</span> <span class='ocrx_word' id='word_1_165' title='bbox 1731 2348 1993 2427; x_wconf 86' lang='lat' dir='ltr'>luxuria,</span> <span class='ocrx_word' id='word_1_166' title='bbox 2054 2348 2368 2430; x_wconf 89' lang='lat' dir='ltr'>omnisque</span> <span class='ocrx_word' id='word_1_167' title='bbox 2419 2348 2668 2430; x_wconf 83' lang='lat' dir='ltr'>generis</span> 
     </span>
     <span class='ocr_line' id='line_1_22' title="bbox 467 2446 2669 2528; baseline 0.002 -22"><span class='ocrx_word' id='word_1_168' title='bbox 467 2446 719 2509; x_wconf 88' lang='lat' dir='ltr'>insidiae</span> <span class='ocrx_word' id='word_1_169' title='bbox 760 2448 978 2509; x_wconf 85' lang='lat' dir='ltr'>ceteris</span> <span class='ocrx_word' id='word_1_170' title='bbox 1034 2453 1275 2526; x_wconf 75' lang='lat' dir='ltr'>paratae</span> <span class='ocrx_word' id='word_1_171' title='bbox 1329 2464 1454 2509; x_wconf 88' lang='lat' dir='ltr'>non</span> <span class='ocrx_word' id='word_1_172' title='bbox 1515 2448 1850 2528; x_wconf 86' lang='lat' dir='ltr'>patiuntur,</span> <span class='ocrx_word' id='word_1_173' title='bbox 1906 2454 1974 2511; x_wconf 86' lang='lat' dir='ltr'>ut</span> <span class='ocrx_word' id='word_1_174' title='bbox 2014 2449 2240 2528; x_wconf 83' lang='lat' dir='ltr'>aliquis·</span> <span class='ocrx_word' id='word_1_175' title='bbox 2265 2465 2335 2510; x_wconf 85' lang='lat' dir='ltr'>se</span> <span class='ocrx_word' id='word_1_176' title='bbox 2373 2447 2669 2510; x_wconf 83' lang='lat' dir='ltr'>abstineat</span> 
     </span>
     <span class='ocr_line' id='line_1_23' title="bbox 468 2544 2669 2628; baseline 0.001 -24"><span class='ocrx_word' id='word_1_177' title='bbox 468 2544 634 2607; x_wconf 85' lang='lat' dir='ltr'>bisce</span> <span class='ocrx_word' id='word_1_178' title='bbox 676 2545 1119 2625; x_wconf 85' lang='lat' dir='ltr'>cupiditatibus3</span> <span class='ocrx_word' id='word_1_179' title='bbox 1187 2562 1374 2627; x_wconf 87' lang='lat' dir='ltr'>quare</span> <span class='ocrx_word' id='word_1_180' title='bbox 1436 2546 1616 2609; x_wconf 90' lang='lat' dir='ltr'>homo</span> <span class='ocrx_word' id='word_1_181' title='bbox 1678 2565 1827 2610; x_wconf 85' lang='lat' dir='ltr'>vere</span> <span class='ocrx_word' id='word_1_182' title='bbox 1885 2548 2039 2610; x_wconf 89' lang='lat' dir='ltr'>liber</span> <span class='ocrx_word' id='word_1_183' title='bbox 2094 2549 2451 2628; x_wconf 83' lang='lat' dir='ltr'>integerque</span> <span class='ocrx_word' id='word_1_184' title='bbox 2504 2547 2669 2608; x_wconf 86' lang='lat' dir='ltr'>vitae·</span> 
     </span>
     <span class='ocr_line' id='line_1_24' title="bbox 467 2632 2666 2726; baseline 0.001 -23"><span class='ocrx_word' id='word_1_185' title='bbox 467 2632 716 2722; x_wconf 77' lang='lat' dir='ltr'>reperiii</span> <span class='ocrx_word' id='word_1_186' title='bbox 755 2660 878 2706; x_wconf 87' lang='lat' dir='ltr'>non</span> <span class='ocrx_word' id='word_1_187' title='bbox 920 2651 1136 2725; x_wconf 87' lang='lat' dir='ltr'>potest.</span> <span class='ocrx_word' id='word_1_188' title='bbox 1222 2646 1388 2718; x_wconf 87' lang='lat' dir='ltr'>Quae</span> <span class='ocrx_word' id='word_1_189' title='bbox 1422 2663 1603 2725; x_wconf 86' lang='lat' dir='ltr'>quum</span> <span class='ocrx_word' id='word_1_190' title='bbox 1644 2646 1944 2708; x_wconf 88' lang='lat' dir='ltr'>nonnullis</span> <span class='ocrx_word' id='word_1_191' title='bbox 1988 2646 2233 2726; x_wconf 87' lang='lat' dir='ltr'>amplius</span> <span class='ocrx_word' id='word_1_192' title='bbox 2263 2645 2666 2726; x_wconf 85' lang='lat' dir='ltr'>explanasset,</span> 
     </span>
     <span class='ocr_line' id='line_1_25' title="bbox 467 2743 2670 2823; baseline 0.002 -21"><span class='ocrx_word' id='word_1_193' title='bbox 467 2756 698 2821; x_wconf 84' lang='lat' dir='ltr'>suaque</span> <span class='ocrx_word' id='word_1_194' title='bbox 738 2746 1006 2822; x_wconf 90' lang='lat' dir='ltr'>tempora</span> <span class='ocrx_word' id='word_1_195' title='bbox 1052 2743 1382 2805; x_wconf 77' lang='lat' dir='ltr'>sceleribus</span> <span class='ocrx_word' id='word_1_196' title='bbox 1423 2744 1726 2823; x_wconf 89' lang='lat' dir='ltr'>inquinata</span> <span class='ocrx_word' id='word_1_197' title='bbox 1765 2750 1927 2806; x_wconf 89' lang='lat' dir='ltr'>tanta</span> <span class='ocrx_word' id='word_1_198' title='bbox 1967 2762 2099 2807; x_wconf 90' lang='lat' dir='ltr'>cum</span> <span class='ocrx_word' id='word_1_199' title='bbox 2140 2744 2425 2822; x_wconf 88' lang='lat' dir='ltr'>veritate,</span> <span class='ocrx_word' id='word_1_200' title='bbox 2487 2760 2670 2823; x_wconf 78' lang='lat' dir='ltr'>qnam</span> 
     </span>
     <span class='ocr_line' id='line_1_26' title="bbox 468 2837 2665 2925; baseline 0.002 -26"><span class='ocrx_word' id='word_1_201' title='bbox 468 2839 555 2900; x_wconf 92' lang='lat' dir='ltr'>ira</span> <span class='ocrx_word' id='word_1_202' title='bbox 596 2837 1040 2920; x_wconf 86' lang='lat' dir='ltr'>descripsisset,</span> <span class='ocrx_word' id='word_1_203' title='bbox 1099 2841 1211 2902; x_wconf 89' lang='lat' dir='ltr'>sub</span> <span class='ocrx_word' id='word_1_204' title='bbox 1255 2841 1433 2903; x_wconf 90' lang='lat' dir='ltr'>finem</span> <span class='ocrx_word' id='word_1_205' title='bbox 1479 2842 1769 2925; x_wconf 87' lang='lat' dir='ltr'>judicium</span> <span class='ocrx_word' id='word_1_206' title='bbox 1823 2842 1963 2904; x_wconf 85' lang='lat' dir='ltr'>facit</span> <span class='ocrx_word' id='word_1_207' title='bbox 2013 2842 2089 2904; x_wconf 88' lang='lat' dir='ltr'>de</span> <span class='ocrx_word' id='word_1_208' title='bbox 2146 2842 2270 2904; x_wconf 87' lang='lat' dir='ltr'>suis</span> <span class='ocrx_word' id='word_1_209' title='bbox 2316 2842 2665 2921; x_wconf 87' lang='lat' dir='ltr'>aequalibus</span> 
     </span>
     <span class='ocr_line' id='line_1_27' title="bbox 467 2926 2664 3023; baseline 0.003 -26"><span class='ocrx_word' id='word_1_210' title='bbox 467 2936 947 3015; x_wconf 86' lang='lat' dir='ltr'>acerbissimum,</span> <span class='ocrx_word' id='word_1_211' title='bbox 1027 2939 1255 3001; x_wconf 88' lang='lat' dir='ltr'>etiamsi</span> <span class='ocrx_word' id='word_1_212' title='bbox 1311 2958 1520 3002; x_wconf 87' lang='lat' dir='ltr'>verum</span> <span class='ocrx_word' id='word_1_213' title='bbox 1593 2939 1688 3023; x_wconf 80' lang='lat'>(§.</span> <span class='ocrx_word' id='word_1_214' title='bbox 1761 2939 1912 3022; x_wconf 80' lang='lat'>10):</span> <span class='ocrx_word' id='word_1_215' title='bbox 1981 2936 2273 3019; x_wconf 61' lang='grc' dir='ltr'>»Ἀλλὰ</span> <span class='ocrx_word' id='word_1_216' title='bbox 2335 2926 2664 3019; x_wconf 76' lang='grc' dir='ltr'>’μήποτε</span> 
     </span>
     <span class='ocr_line' id='line_1_28' title="bbox 470 3029 2664 3121; baseline 0 -23"><span class='ocrx_word' id='word_1_217' title='bbox 470 3034 653 3102; x_wconf 79' lang='grc' dir='ltr'>τοῖς</span> <span class='ocrx_word' id='word_1_218' title='bbox 707 3032 1185 3111; x_wconf 73' lang='grc' dir='ltr'><em>τοιούτοις,</em></span> <span class='ocrx_word' id='word_1_219' title='bbox 1266 3034 1627 3121; x_wconf 73' lang='grc' dir='ltr'><em>οἷοίπερ</em></span> <span class='ocrx_word' id='word_1_220' title='bbox 1690 3035 1918 3120; x_wconf 74' lang='grc' dir='ltr'>ἐσμὲν</span> <span class='ocrx_word' id='word_1_221' title='bbox 1977 3033 2249 3120; x_wconf 75' lang='grc' dir='ltr'>ἡμεῖς,</span> <span class='ocrx_word' id='word_1_222' title='bbox 2332 3029 2664 3116; x_wconf 73' lang='grc' dir='ltr'><em>ἄμεινον</em></span> 
     </span>
     <span class='ocr_line' id='line_1_29' title="bbox 471 3127 2663 3218; baseline 0.003 -24"><span class='ocrx_word' id='word_1_223' title='bbox 471 3128 931 3216; x_wconf 70' lang='grc' dir='ltr'><em>ἄρχεσθαι,</em></span> <span class='ocrx_word' id='word_1_224' title='bbox 978 3129 1017 3218; x_wconf 72' lang='grc' dir='ltr'><strong><em>ἢ</em></strong></span> <span class='ocrx_word' id='word_1_225' title='bbox 1064 3130 1557 3218; x_wconf 74' lang='grc' dir='ltr'><em>ἐλευθέροις</em></span> <span class='ocrx_word' id='word_1_226' title='bbox 1602 3127 1839 3195; x_wconf 78' lang='grc' dir='ltr'><em>εἶναι·</em></span> <span class='ocrx_word' id='word_1_227' title='bbox 1889 3130 2023 3197; x_wconf 79' lang='grc' dir='ltr'>ἐπεὶ</span> <span class='ocrx_word' id='word_1_228' title='bbox 2067 3135 2252 3215; x_wconf 76' lang='grc' dir='ltr'><em>τοίγε</em></span> <span class='ocrx_word' id='word_1_229' title='bbox 2299 3134 2663 3214; x_wconf 73' lang='grc' dir='ltr'><em>ἀφεθεῖσαι</em></span> 
     </span>
     <span class='ocr_line' id='line_1_30' title="bbox 470 3222 2666 3317; baseline 0.001 -24"><span class='ocrx_word' id='word_1_230' title='bbox 470 3227 549 3294; x_wconf 68' lang='grc' dir='ltr'>τὸ</span> <span class='ocrx_word' id='word_1_231' title='bbox 600 3224 930 3302; x_wconf 78' lang='grc' dir='ltr'><em>σύνολον,</em></span> <span class='ocrx_word' id='word_1_232' title='bbox 999 3224 1090 3299; x_wconf 78' lang='grc' dir='ltr'>ὡς</span> <span class='ocrx_word' id='word_1_233' title='bbox 1136 3227 1212 3312; x_wconf 80' lang='grc' dir='ltr'>ἐξ</span> <span class='ocrx_word' id='word_1_234' title='bbox 1270 3232 1540 3314; x_wconf 73' lang='grc' dir='ltr'>εἱρκτῆς</span> <span class='ocrx_word' id='word_1_235' title='bbox 1598 3222 1890 3312; x_wconf 66' lang='grc' dir='ltr'><em>ἄφετοι,</em></span> <span class='ocrx_word' id='word_1_236' title='bbox 1957 3231 2132 3295; x_wconf 79' lang='grc' dir='ltr'>κατὰ</span> <span class='ocrx_word' id='word_1_237' title='bbox 2188 3234 2319 3297; x_wconf 79' lang='grc' dir='ltr'>τῶν</span> <span class='ocrx_word' id='word_1_238' title='bbox 2379 3232 2666 3317; x_wconf 78' lang='grc' dir='ltr'>πλησίον</span> 
     </span>
     <span class='ocr_line' id='line_1_31' title="bbox 473 3321 2666 3415; baseline 0.002 -27"><span class='ocrx_word' id='word_1_239' title='bbox 473 3328 539 3388; x_wconf 81' lang='grc' dir='ltr'>αἱ</span> <span class='ocrx_word' id='word_1_240' title='bbox 583 3322 966 3405; x_wconf 75' lang='grc' dir='ltr'><em>πλεονεξίαι</em></span> <span class='ocrx_word' id='word_1_241' title='bbox 1028 3321 1151 3388; x_wconf 74' lang='grc' dir='ltr'>κᾶν</span> <span class='ocrx_word' id='word_1_242' title='bbox 1212 3323 1634 3393; x_wconf 60' lang='lat' dir='ltr'>{oa-anabasim</span> <span class='ocrx_word' id='word_1_243' title='bbox 1692 3329 1841 3398; x_wconf 77' lang='grc' dir='ltr'><em>τοῖς</em></span> <span class='ocrx_word' id='word_1_244' title='bbox 1897 3329 2133 3398; x_wconf 75' lang='grc' dir='ltr'><em>κακοῖς</em></span> <span class='ocrx_word' id='word_1_245' title='bbox 2192 3327 2309 3411; x_wconf 70' lang='grc' dir='ltr'>τὴν</span> <span class='ocrx_word' id='word_1_246' title='bbox 2360 3329 2666 3415; x_wconf 74' lang='grc' dir='ltr'>οἰκουμέ·</span> 
     </span>
     <span class='ocr_line' id='line_1_32' title="bbox 472 3422 2669 3507; baseline 0.003 -21"><span class='ocrx_word' id='word_1_247' title='bbox 472 3430 672 3504; x_wconf 52' lang='lat' dir='ltr'>vaist:</span> <span class='ocrx_word' id='word_1_248' title='bbox 719 3422 826 3486; x_wconf 90' lang='lat' dir='ltr'>sed</span> <span class='ocrx_word' id='word_1_249' title='bbox 864 3423 1066 3500; x_wconf 89' lang='lat' dir='ltr'>timeo,</span> <span class='ocrx_word' id='word_1_250' title='bbox 1109 3442 1188 3485; x_wconf 89' lang='lat' dir='ltr'>ne</span> <span class='ocrx_word' id='word_1_251' title='bbox 1220 3423 1413 3503; x_wconf 77' lang='lat' dir='ltr'>nobiS,</span> <span class='ocrx_word' id='word_1_252' title='bbox 1459 3427 1668 3506; x_wconf 86' lang='lat' dir='ltr'>quales</span> <span class='ocrx_word' id='word_1_253' title='bbox 1710 3445 1870 3489; x_wconf 91' lang='lat' dir='ltr'>nunc</span> <span class='ocrx_word' id='word_1_254' title='bbox 1911 3427 2148 3507; x_wconf 87' lang='lat' dir='ltr'>quidem</span> <span class='ocrx_word' id='word_1_255' title='bbox 2189 3445 2415 3506; x_wconf 87' lang='lat' dir='ltr'>sumus,</span> <span class='ocrx_word' id='word_1_256' title='bbox 2457 3429 2669 3492; x_wconf 87' lang='lat' dir='ltr'>melius</span> 
     </span>
     <span class='ocr_line' id='line_1_33' title="bbox 472 3521 2670 3608; baseline 0.003 -24"><span class='ocrx_word' id='word_1_257' title='bbox 472 3523 581 3599; x_wconf 86' lang='lat' dir='ltr'>sit,</span> <span class='ocrx_word' id='word_1_258' title='bbox 626 3523 944 3599; x_wconf 86' lang='lat' dir='ltr'>servitute,</span> <span class='ocrx_word' id='word_1_259' title='bbox 990 3539 1166 3600; x_wconf 90' lang='lat' dir='ltr'>quam</span> <span class='ocrx_word' id='word_1_260' title='bbox 1208 3521 1480 3586; x_wconf 81' lang='lat' dir='ltr'>libertate</span> <span class='ocrx_word' id='word_1_261' title='bbox 1520 3526 1697 3586; x_wconf 86' lang='lat' dir='ltr'>vitam</span> <span class='ocrx_word' id='word_1_262' title='bbox 1744 3525 1986 3607; x_wconf 81' lang='lat' dir='ltr'>degere.</span> <span class='ocrx_word' id='word_1_263' title='bbox 2085 3525 2444 3589; x_wconf 87' lang='lat' dir='ltr'>Facultatem</span> <span class='ocrx_word' id='word_1_264' title='bbox 2485 3524 2670 3608; x_wconf 86' lang='lat' dir='ltr'>igitur</span> 
     </span>
     <span class='ocr_line' id='line_1_34' title="bbox 470 3621 2667 3707; baseline 0.003 -25"><span class='ocrx_word' id='word_1_265' title='bbox 470 3621 657 3701; x_wconf 91' lang='lat' dir='ltr'>ipsam</span> <span class='ocrx_word' id='word_1_266' title='bbox 694 3621 1041 3702; x_wconf 87' lang='lat' dir='ltr'>aequalibus</span> <span class='ocrx_word' id='word_1_267' title='bbox 1082 3621 1207 3685; x_wconf 87' lang='lat' dir='ltr'>suis</span> <span class='ocrx_word' id='word_1_268' title='bbox 1247 3622 1450 3684; x_wconf 89' lang='lat' dir='ltr'>inesse</span> <span class='ocrx_word' id='word_1_269' title='bbox 1493 3623 1788 3707; x_wconf 75' lang='lat' dir='ltr'>denegat,</span> <span class='ocrx_word' id='word_1_270' title='bbox 1847 3625 2150 3705; x_wconf 88' lang='lat' dir='ltr'>republica</span> <span class='ocrx_word' id='word_1_271' title='bbox 2191 3625 2374 3687; x_wconf 89' lang='lat' dir='ltr'>libera</span> <span class='ocrx_word' id='word_1_272' title='bbox 2413 3625 2667 3689; x_wconf 79' lang='lat' dir='ltr'>fruendi.</span> 
     </span>
     <span class='ocr_line' id='line_1_35' title="bbox 471 3720 2671 3807; baseline 0.004 -27"><span class='ocrx_word' id='word_1_273' title='bbox 471 3720 694 3782; x_wconf 85' lang='lat' dir='ltr'>Durum</span> <span class='ocrx_word' id='word_1_274' title='bbox 723 3737 871 3782; x_wconf 88' lang='lat' dir='ltr'>sane</span> <span class='ocrx_word' id='word_1_275' title='bbox 915 3738 985 3781; x_wconf 92' lang='lat' dir='ltr'>ac</span> <span class='ocrx_word' id='word_1_276' title='bbox 1016 3720 1148 3783; x_wconf 84' lang='lat' dir='ltr'>fere</span> <span class='ocrx_word' id='word_1_277' title='bbox 1186 3720 1559 3785; x_wconf 84' lang='lat' dir='ltr'>intolerabile</span> <span class='ocrx_word' id='word_1_278' title='bbox 1583 3724 1854 3801; x_wconf 85' lang='lat' dir='ltr'>verbum,</span> <span class='ocrx_word' id='word_1_279' title='bbox 1899 3725 2009 3793; x_wconf 82' lang='lat' dir='ltr'>etsi</span> <span class='ocrx_word' id='word_1_280' title='bbox 2054 3741 2133 3786; x_wconf 88' lang='lat' dir='ltr'>ex</span> <span class='ocrx_word' id='word_1_281' title='bbox 2180 3724 2353 3785; x_wconf 89' lang='lat' dir='ltr'>animi</span> <span class='ocrx_word' id='word_1_282' title='bbox 2395 3726 2671 3807; x_wconf 53' lang='lat' dir='ltr'>integer*-</span> 
     </span>
     <span class='ocr_line' id='line_1_36' title="bbox 471 3818 2672 3902; baseline 0.003 -24"><span class='ocrx_word' id='word_1_283' title='bbox 471 3819 600 3879; x_wconf 89' lang='lat' dir='ltr'>rimi</span> <span class='ocrx_word' id='word_1_284' title='bbox 656 3818 958 3881; x_wconf 90' lang='lat' dir='ltr'>iracundia</span> <span class='ocrx_word' id='word_1_285' title='bbox 1029 3821 1090 3881; x_wconf 93' lang='lat' dir='ltr'>in</span> <span class='ocrx_word' id='word_1_286' title='bbox 1150 3822 1474 3902; x_wconf 89' lang='lat' dir='ltr'>nequitiam</span> <span class='ocrx_word' id='word_1_287' title='bbox 1541 3823 1852 3884; x_wconf 85' lang='lat' dir='ltr'>humanam</span> <span class='ocrx_word' id='word_1_288' title='bbox 1912 3822 2222 3884; x_wconf 83' lang='lat' dir='ltr'>exortum!</span> <span class='ocrx_word' id='word_1_289' title='bbox 2297 3821 2424 3901; x_wconf 89' lang='lat' dir='ltr'>En,</span> <span class='ocrx_word' id='word_1_290' title='bbox 2486 3823 2672 3886; x_wconf 81' lang='lat' dir='ltr'>Taciti</span> 
     </span>
     <span class='ocr_line' id='line_1_37' title="bbox 474 3916 2670 4001; baseline 0.004 -24"><span class='ocrx_word' id='word_1_291' title='bbox 474 3916 771 3998; x_wconf 83' lang='lat' dir='ltr'>dialogum</span> <span class='ocrx_word' id='word_1_292' title='bbox 805 3935 936 3979; x_wconf 87' lang='lat' dir='ltr'>cum</span> <span class='ocrx_word' id='word_1_293' title='bbox 965 3918 1056 3981; x_wconf 87' lang='lat' dir='ltr'>his</span> <span class='ocrx_word' id='word_1_294' title='bbox 1087 3920 1485 3997; x_wconf 79' lang='lat' dir='ltr'>conferamUS,</span> <span class='ocrx_word' id='word_1_295' title='bbox 1533 3938 1621 3999; x_wconf 91' lang='lat' dir='ltr'>cp.</span> <span class='ocrx_word' id='word_1_296' title='bbox 1649 3920 1761 3981; x_wconf 85' lang='lat'>29:</span> <span class='ocrx_word' id='word_1_297' title='bbox 1808 3920 1991 4000; x_wconf 84' lang='lat' dir='ltr'>„quin</span> <span class='ocrx_word' id='word_1_298' title='bbox 2021 3919 2193 3981; x_wconf 85' lang='lat' dir='ltr'>etiam</span> <span class='ocrx_word' id='word_1_299' title='bbox 2239 3919 2347 4000; x_wconf 90' lang='lat' dir='ltr'>ipsi</span> <span class='ocrx_word' id='word_1_300' title='bbox 2389 3928 2670 4001; x_wconf 88' lang='lat' dir='ltr'>parentes</span> 
     </span>
     <span class='ocr_line' id='line_1_38' title="bbox 473 4015 2671 4099; baseline 0.004 -24"><span class='ocrx_word' id='word_1_301' title='bbox 473 4032 589 4077; x_wconf 88' lang='lat' dir='ltr'>nec</span> <span class='ocrx_word' id='word_1_302' title='bbox 659 4016 934 4096; x_wconf 79' lang='lat' dir='ltr'>probitati</span> <span class='ocrx_word' id='word_1_303' title='bbox 1000 4036 1199 4099; x_wconf 87' lang='lat' dir='ltr'>neque</span> <span class='ocrx_word' id='word_1_304' title='bbox 1275 4017 1603 4083; x_wconf 81' lang='lat' dir='ltr'>modestiae</span> <span class='ocrx_word' id='word_1_305' title='bbox 1673 4017 1957 4098; x_wconf 81' lang='lat' dir='ltr'>parvulos</span> <span class='ocrx_word' id='word_1_306' title='bbox 2029 4015 2470 4097; x_wconf 84' lang='lat' dir='ltr'>adsuefaciunt,</span> <span class='ocrx_word' id='word_1_307' title='bbox 2560 4020 2671 4082; x_wconf 89' lang='lat' dir='ltr'>sed</span> 
     </span>
     <span class='ocr_line' id='line_1_39' title="bbox 473 4111 2676 4201; baseline 0.003 -29"><span class='ocrx_word' id='word_1_308' title='bbox 473 4111 754 4176; x_wconf 82' lang='lat' dir='ltr'>lasciviae</span> <span class='ocrx_word' id='word_1_309' title='bbox 814 4119 877 4176; x_wconf 87' lang='lat' dir='ltr'>et</span> <span class='ocrx_word' id='word_1_310' title='bbox 935 4114 1259 4193; x_wconf 79' lang='lat' dir='ltr'>dicacitati3</span> <span class='ocrx_word' id='word_1_311' title='bbox 1308 4137 1610 4201; x_wconf 59' lang='lat' dir='ltr'>penqaqae</span> <span class='ocrx_word' id='word_1_312' title='bbox 1648 4121 1968 4195; x_wconf 69' lang='lat' dir='ltr'>paullatim</span> <span class='ocrx_word' id='word_1_313' title='bbox 2023 4123 2393 4195; x_wconf 72' lang='lat' dir='ltr'>impudentia</span> <span class='ocrx_word' id='word_1_314' title='bbox 2448 4124 2676 4196; x_wconf 60' lang='lat' dir='ltr'>inrepit</span> 
     </span>
    </p>
   </div>
   <div class='ocr_carea' id='block_1_4' title="bbox 1290 4264 2166 4796">
    <p class='ocr_par' dir='ltr' id='par_1_4' title="bbox 1290 4264 2166 4796">
     <span class='ocr_line' id='line_1_40' title="bbox 1290 4264 2166 4796; baseline 0 29"><span class='ocrx_word' id='word_1_315' title='bbox 1290 4264 2166 4796; x_wconf 95' lang='lat' dir='ltr'> </span> 
     </span>
    </p>
   </div>
  </div>
 </body>
</html>
