3017 4825
1375 346 1469 422 25

320 564 717 640 disseruisse3
813 580 1015 644 neque
1086 562 1185 626 alii
1261 569 1361 624 aut
1423 557 1792 644 grammatici
1856 569 1957 630 aut
2023 576 2522 636 commentatores

319 671 597 728 veterum
620 663 716 746 1),
763 664 977 745 quibus
1016 663 1283 736 notitiam
1328 659 1584 742 aliquam
1623 662 2131 744 Longinianorum
2167 667 2524 748 scriptorum

325 762 644 841 debemus,
717 762 795 824 de
854 762 1226 826 sublimitatis
1285 762 1716 824 commentario
1768 763 1952 826 verba
2010 764 2250 828 faciunt.
2358 768 2525 841 Quae

325 878 504 940 (utum
542 862 625 923 ita
667 868 903 938 essent,
962 860 1230 921 nonnulli
1272 857 1614 920 criticorum
1655 862 2055 924 recentiorum
2078 909 2096 941 ,
2156 882 2336 943 quum
2376 885 2524 947 per-

322 960 590 1039 ‹n'perent
650 960 1065 1022 auctoritatem
1126 964 1307 1037 atque
1361 957 1713 1037 gravitatem
1763 959 1939 1040 hujus
2004 978 2286 1041 caussae,
2363 964 2523 1043 quod

321 1051 614 1137 nusquam
655 1057 789 1119 libri
833 1057 1009 1118 fieret
1048 1055 1292 1131 mentiO,
1336 1053 1707 1118 artificiosius
1748 1073 1922 1136 quam
1961 1059 2166 1122 verius
2206 1060 2524 1126 studebant

322 1156 626 1236 explicare
648 1200 667 1232 ‚
710 1170 819 1214 cur
857 1152 970 1214 hac
1011 1152 1075 1213 in
1121 1170 1191 1213 re
1233 1151 1441 1214 notitia
1485 1152 1678 1216 omnis
1723 1154 1942 1216 certior
1982 1153 2240 1221 deesset.
2321 1159 2523 1239 Atque

322 1254 385 1314 in
425 1252 516 1314 his
557 1249 944 1312 Ruhnkenius
983 1250 1298 1331 prolapsus
1344 1256 1438 1311 est
1479 1250 1543 1312 in
1586 1250 1924 1331 opinionem
1948 1297 1968 1329 ‚
2011 1271 2165 1332 quae
2205 1256 2320 1330 nisi
2361 1259 2523 1322 omni

324 1356 499 1411 certo
532 1348 914 1412 fundamento
959 1355 1212 1428 careret,
1254 1348 1465 1429 procul
1506 1347 1686 1412 dubio
1727 1356 1992 1413 nostram
2034 1359 2215 1415 totam
2259 1353 2336 1416 de
2368 1355 2522 1422 libro

325 1444 475 1531 περὶ
520 1444 761 1529 ὕψους
821 1449 1177 1514 sententiam
1233 1455 1585 1512 concuteret
1599 1450 1651 1524 ;‘
1688 1449 2072 1528 quamobrem
2129 1468 2239 1532 pro
2296 1453 2524 1517 viribus

323 1545 634 1609 refutanda
669 1547 795 1609 erit.
881 1548 1073 1621 Quum
1109 1548 1283 1610 enim.
1308 1550 1368 1626 §.
1411 1547 1470 1612 X
1510 1547 1944 1611 dissertationis
1989 1565 2137 1610 suae
2175 1550 2525 1631 loqueretur

324 1644 402 1706 de
442 1644 542 1706 illo
583 1644 840 1727 Longini
895 1663 1113 1727 opere,
1190 1646 1351 1726 quod
1402 1645 1717 1708 maximam
1775 1663 1921 1726 prae
1977 1663 2047 1708 se
2102 1648 2236 1710 tulit
2284 1648 2524 1730 famam,

322 1742 386 1806 οἱ
431 1740 807 1824 φιλόλογοι
846 1744 1192 1825 inscriptum
1213 1742 1323 1826 ²),
1382 1745 1446 1806 in
1504 1763 1637 1806 eam
1696 1744 1837 1807 abiit
1893 1745 2278 1823 sententiam,
2325 1753 2523 1811 ¹totam

316 1858 478 1920 quae
517 1858 679 1904 nunc
724 1847 817 1902 est
857 1841 933 1903 de
969 1841 1326 1903 sublimitate
1368 1841 1824 1920 disputationem
1867 1838 2010 1902 nihil
2052 1858 2190 1903 esse
2223 1843 2337 1904 nisi
2376 1861 2525 1924 par-

318 1938 558 2001 ticulam
602 1937 859 2017 aliquam
897 1938 1074 2020 hujus
1115 1938 1316 2018 operis
1340 1935 1410 2019 ³)
1466 1944 1529 2008 et
1580 1935 1816 2016 quidem
1880 1936 2012 1998 libri
2066 1938 2200 2019 ejus
2254 1939 2522 2005 vicesimi

320 2035 513 2118 primi,
553 2036 635 2098 ait
671 2035 828 2099 enim
869 2036 962 2098 vir
1002 2035 1378 2100 doctissimus
1418 2053 1519 2117 pg.
1545 2033 1857 2098 LXXXXl.
1893 2033 1986 2097 ed.
2015 2033 2278 2100 Weisk.:
2321 2038 2521 2117 „idem

316 2134 562 2202 rhetor“
620 2132 920 2217 (loquitur
961 2141 1162 2197 autem
1202 2133 1283 2200 de
1336 2133 1587 2197 Joannis
1632 2131 1949 2209 Siceliotae
1990 2138 2416 2203 commentario
2457 2140 2521 2202 in

316 2229 801 2314 Hermogenem)
857 2233 974 2298 alio
1015 2233 1154 2296 loco
1193 2233 1282 2295 sic
1323 2232 1430 2296 ait:
1486 2230 1852 2312 „spolivm-at
1898 2226 1967 2292 δὲ
2012 2226 2048 2312 ἦ
2097 2230 2350 2297 ἀτοπία
2390 2236 2519 2302 τοῦ

317 2330 604 2415 ποιητοῦ
638 2327 994 2414 (Aeschyli)
1037 2329 1307 2411 μᾶλλον
1356 2329 1418 2394 ἑν
1464 2329 1565 2410 τῷ
1607 2323 2163 2414 τῆςὬρειθυίας
2210 2328 2552 2419 δράματι,.

321 2423 496 2493 ὅπου
541 2429 695 2497 ταῖς
741 2427 889 2491 δυσὶ
946 2427 1209 2507 σιαγόσι
1271 2428 1553 2510 φυσσῶν
1615 2425 1646 2493 ὁ
1686 2424 1947 2513 Βορέας
1993 2430 2174 2491 nun&
2228 2429 2348 2514 τὴν
2396 2435 2522 2497 θά-

320 2521 606 2588 λασσαυ,
676 2519 755 2588 αὖ
812 2520 939 2607 γάρ
997 2523 1185 2611 φέρω
1242 2522 1347 2587 ἐπὶ
1405 2523 1670 2609 μνήμης
1726 2525 1815 2587 τὰ
1880 2523 2208 2608 ιάμβικὰ,
2292 2527 2519 2595 ἐπιλα-

318 2619 634 2700 θόμενος.
684 2619 780 2686 διὸ
831 2619 939 2685 καὶ
982 2620 1372 2704 Σοφοκλῆς
1425 2621 1725 2705 μιμεῖται
1786 2619 1991 2703 (legas
2032 2623 2122 2705 μὴ
2165 2627 2514 2707 μιμεῖται).

319 2719 500 2801 λέγει
563 2717 632 2784 δὲ
688 2717 835 2804 περὶ
897 2718 1160 2785 τούτων
1224 2721 1559 2802 Λογγῖνος
1618 2718 2091 2807 ἀκριβέστερον
2154 2719 2217 2785 ἐν
2271 2727 2370 2803 τῶ
2432 2752 2518 2792 κα

316 2820 450 2883 τῶν
495 2815 639 2905 περὶ
687 2817 1137 2899 φιλολόγωνψ
1194 2820 1287 2881 De
1324 2818 1548 2897 iisdem⁸
1566 2817 1848 2900 Aeschyli
1891 2819 2166 2887 versibus
2209 2821 2518 2906 Longinus

316 2919 497 2981 etiam
536 2921 890 2983 sententiam
933 2918 1166 2980 dixerat
1211 2921 1295 2980 11.
1343 2919 1428 2980 T.
1474 2923 1623 2979 sect.
1668 2915 1765 2976 3.“
1812 2923 1872 2978 et
1912 2918 2022 2978 sub
2067 2919 2244 2981 finem
2286 2922 2518 2985 disser-

314 3017 554 3079 tationis
595 3016 754 3079 addit
792 3017 1057 3083 Ruhnk.:
1118 3015 1434 3095 „Denique
1494 3015 1579 3081 τὰ
1628 3008 1771 3095 περὶ
1817 3014 2303 3098 Ξενοφῶντος,
2362 3039 2519 3107 quae

312 3115 444 3195 ipse
487 3118 574 3178 Π.
616 3117 698 3177 Τ.
741 3122 886 3181 sect.
924 3116 981 3181 8.
1015 3120 1462 3191 commemorat,
1506 3112 1618 3175 nisi
1660 3111 1792 3190 quis
1827 3119 2406 3192 pro-,commentariis
2437 3121 2514 3184 -in

314 3210 773 3291 Xenophontem
813 3215 1040 3277 habere
1096 3215 1243 3277 velit
1278 3220 1526 3294 partem
1582 3211 1836 3273 arbitror
1891 3210 2080 3275 fuisse
2135 3214 2267 3276 τῶν
2315 3216 2514 3294 φιλο..

323 3303 566 3386 λόγων.
644 3308 861 3388 Neque
890 3311 1047 3372 enim
1076 3311 1412 3390 Xenophon
1436 3311 1496 3379 in
1518 3309 1618 3371 tali
1647 3326 1901 3371 censura
1931 3312 2242 3389 praeteriri
2265 3318 2514 3394 potuit“.

318 3403 631 3485 Copiosius
688 3407 764 3469 de
808 3407 960 3469 libro
1007 3409 1068 3470 οἱ
1117 3405 1486 3488 φιλόλογοι
1548 3414 1672 3469 tota
1728 3411 2099 3490 paragrapho
2140 3411 2211 3472 Χ.
2251 3413 2516 3494 loquitur

316 3502 548 3567 Ruhnk.
592 3505 956 3587 collegitque
997 3522 1207 3568 omnes
1258 3512 1532 3569 veterum,
1585 3507 1788 3584 locOS,
1846 3508 2058 3588 quibus
2102 3516 2201 3571 aut
2244 3513 2514 3579 laudatur

316 3609 418 3664 aut
463 3602 676 3682 quibus
718 3604 907 3668 verba
951 3623 1029 3667 ex
1071 3604 1173 3667 illo
1219 3606 1638 3667 memorantur.
1727 3605 1870 3669 Erat
1895 3613 2090 3671 autem
2133 3626 2256 3672 non
2298 3614 2511 3694 solum,

453 3874 631 3934 illle
672 3873 761 3925 his
799 3873 1167 3928 conferendus
1204 3875 1351 3929 idem
1392 3875 1754 3929 Ruhnkenius
1793 3878 2144 3946 paragrapho
2182 3880 2425 3939 laudata.

451 3959 513 4021 2)
549 3958 636 4012 Cf.
675 3974 845 4026 supra
888 3977 941 4027 p.
978 3965 1065 4017 22.

450 4045 510 4102 3)
551 4041 753 4095 videa·
791 4043 960 4096 etiam
1006 4047 1205 4115 Pauly.
1244 4048 1470 4118 Encyel.
1509 4048 1644 4105 real.
1678 4064 1716 4100 ο4
1760 4063 1811 4098 v.
1852 4043 2134 4116 Longinus
2165 4054 2223 4102 et
2245 4050 2513 4107 Wachler

311 4123 537 4182 nandi».
575 4124 674 4178 der
714 4125 851 4182 mtt.
890 4127 1026 4183 Tm.
1060 4129 1109 4184 1.-
1143 4148 1234 4200 pg·
1269 4136 1388 4193 236.
1506 4184 1516 4189 -
1575 4180 1582 4189 .
