3017 4825
635 1408 874 1524 Nullum
935 1456 1071 1521 fere
1121 1455 1305 1520 totius
1359 1454 1724 1536 antiquitatis
1783 1453 2246 1536 monimentum,
2305 1458 2479 1540 cujus
2537 1475 2673 1520 me-

469 1563 656 1626 moria
695 1582 809 1645 per
863 1563 1105 1642 longam
1159 1573 1449 1622 annorum
1506 1558 1729 1622 seriem
1784 1557 2206 1637 interciderat,
2264 1566 2402 1641 post
2455 1560 2671 1626 factam

465 1664 796 1727 litterarum
834 1659 1274 1724 restitutionem
1316 1663 1480 1720 tanto
1523 1656 1722 1722 studio
1775 1663 2065 1738 tantoque
2116 1674 2323 1722 amore
2364 1677 2574 1723 curam
2607 1661 2669 1724 in

464 1780 541 1825 se
562 1763 828 1824 virorum
862 1757 1340 1822 doctissimorum
1368 1756 1686 1834 convertit,
1730 1774 1906 1835 quam
1946 1757 2197 1838 egregia
2226 1760 2667 1839 commentatio,

466 1867 544 1923 de
570 1853 1043 1937 Sublimitaw)
1086 1854 1373 1916 orationis
1413 1854 1741 1934 composita
1781 1852 2096 1935 Cassiique.
2129 1855 2390 1936 Longini
2426 1857 2668 1921 nomine

467 1956 838 2039 pervulgata.
938 1953 1158 2033 Neque
1212 1952 1369 2015 enim
1432 1952 1564 2013 fieri
1617 1952 1840 2033 potuit,
1906 1953 2020 2018 nisi
2074 1952 2360 2035 singulari
2411 1955 2666 2035 quadam

467 2073 611 2117 cura
670 2060 852 2134 atque
905 2053 1252 2134 provisione
1304 2050 1609 2130 fortunae,
1676 2058 1741 2114 ut
1797 2051 1951 2114 liber
2006 2052 2138 2131 hic,
2195 2055 2368 2135 cujus
2426 2071 2666 2118 omnem

461 2153 733 2217 notitiam
769 2153 899 2233 ipsa
940 2152 1256 2233 antiquitas
1295 2151 1629 2232 perdidisse
1669 2150 1974 2230 videatur,
2015 2151 2198 2216 nihilo
2238 2153 2436 2216 secius
2475 2154 2665 2218 tribus

459 2252 557 2315 his
597 2258 735 2314 ante
775 2251 1031 2314 saeculis
1087 2249 1335 2316 redierit
1397 2250 1459 2312 in
1510 2249 1814 2314 hominum
1870 2266 1994 2313 non
2053 2250 2248 2312 solum
2295 2253 2663 2331 memoriam,

458 2350 571 2416 sed
631 2351 806 2413 etiam
864 2366 1074 2413 manus
1095 2347 1185 2432 ²).
1283 2348 1456 2423 Quod
1518 2350 1632 2415 etsi
1694 2348 2101 2431 prosperrime
2157 2349 2439 2415 acciderit
2490 2367 2663 2415 com-

461 2448 753 2511 mentario
796 2448 1298 2511 excellentissimo
1313 2493 1332 2524 ,
1374 2454 1576 2510 tamen
1615 2448 1789 2511 simul
1830 2447 2089 2528 iniquior
2128 2464 2264 2511 sors
2304 2448 2446 2513 illud
2487 2450 2660 2515 nobis

460 2546 842 2610 concessisse
895 2563 1272 2625 nequaquam
1322 2545 1544 2623 voluit,
1607 2551 1674 2607 ut
1713 2552 1948 2626 pateret
1985 2546 2154 2625 fonS,
2215 2546 2294 2613 de
2336 2564 2457 2628 quo
2500 2554 2662 2614 tanta

459 2642 715 2708 eruditio
783 2648 1066 2723 tantaque
1132 2643 1194 2706 in
1267 2640 1451 2705 rebus
1528 2641 1918 2724 dijudicandis
1981 2643 2272 2711 subtilitas
2339 2645 2658 2727 divinaque

598 2930 652 2994 1)
688 2926 866 2997 Περὶ
916 2926 1153 2988 ὕψους,
1204 2927 1271 2981 de
1303 2925 1660 2986 sublimitate,
1700 2923 1922 2988 titulun,
1962 2942 2072 2991 quo
2100 2931 2324 2993 praeter
2348 2927 2656 2981 Caecilium

455 3011 805 3065 Calactinum
845 3012 942 3079 (cf.
977 3012 1052 3063 II.
1095 3014 1156 3064 Y.
1192 3016 1331 3064 sect.
1370 3010 1415 3075 Ι,
1459 3011 1518 3076 1)
1554 3014 1919 3076 nostrumque
1953 3008 2288 3076 eoriptorem
2325 3028 2484 3062 nemo
2520 3029 2655 3069 neu·

454 3095 681 3149 videtur
719 3112 874 3158 esee,
915 3095 1174 3163 quamvie
1212 3094 1506 3164 plerique,
1531 3091 1644 3161 'qui
1684 3093 1751 3146 de
1789 3090 2000 3161 optimo
2040 3090 2256 3144 dicendi
2292 3110 2497 3163 genere
2536 3112 2656 3147 eer-

456 3197 672 3232 monem
711 3179 1110 3243 instituerunt,
1164 3196 1271 3232 non
1323 3177 1551 3233 cilentio
1588 3176 1968 3246 praeterirent
2005 3176 2148 3227 hanc
2184 3176 2451 3229 orationis
2487 3195 2657 3250 gran-

458 3263 700 3315 didntem
743 3262 907 3330 eique
945 3265 1187 3317 multum
1224 3263 1278 3315 in
1315 3262 1640 3330 eloquentia
1681 3261 2000 3314 tribuerent
2035 3260 2177 3327 (cte.
2220 3261 2377 3315 Orat.
2416 3280 2498 3331 cp.
2537 3265 2652 3329 27),

460 3345 539 3399 itn
574 3354 637 3398 ut
672 3344 911 3413 Quintil.
951 3349 1056 3400 sub
1094 3347 1261 3401 finem
1298 3347 1500 3400 institt.
1536 3352 1703 3403 orati.
1741 3345 1898 3399 iilam
1938 3353 2002 3398 ut
2037 3360 2311 3399 summam
2350 3348 2655 3401 oratoriam

457 3440 639 3484 artem
695 3430 1124 3484 commendaret.
1190 3432 1417 3501 (Quint.
1467 3432 1599 3488 inat.
1651 3449 1731 3489 or.
1789 3432 1920 3483 ΧΙΙ.
1974 3433 2144 3495 extr.)
2242 3426 2360 3484 Sed‘
2406 3434 2655 3488 nonnulii

455 3516 625 3569 etiam
665 3514 1006 3581 extiterunt,
1047 3516 1141 3584 qui
1179 3527 1376 3587 aperte
1414 3525 1705 3590 negarent,
1744 3516 1964 3571 omnino
2002 3515 2122 3570 dari
2162 3533 2320 3585 posse
2356 3528 2658 3587 praecepta

452 3599 920 3668 disciplinamque
969 3599 1371 3665 sublimitatis,
1441 3603 1647 3673 quippe
1712 3619 1854 3671 quae
1911 3618 2019 3653 unu
2075 3618 2200 3654 cum
2261 3600 2483 3655 homine
2536 3602 2657 3673 ἤραο

455 3684 761 3755 gignatur3
816 3702 849 3741 a
889 3684 1094 3754 quihus
1130 3685 1373 3756 scriptor
1420 3704 1580 3740 suam
1632 3686 2039 3741 institutionem
2093 3685 2317 3755 longine
2359 3688 2658 3741 defendere

454 3771 643 3824 studet
679 3786 785 3838 per
818 3780 953 3825 sect.
994 3772 1065 3824 n.
1138 3774 1222 3825 De
1263 3772 1585 3827 definitione
1621 3783 1679 3827 et
1714 3771 2037 3842 synonymia
2079 3770 2243 3822 verbi
2281 3771 2408 3832 ὕψος
2442 3770 2657 3833 videno,

457 3871 602 3922 quae
644 3854 868 3907 Weiske
922 3855 976 3908 in
1028 3854 1114 3912 ed.
1167 3873 1269 3910 sua
1323 3876 1416 3933 γε.
1468 3859 1713 3911 cxvni
1766 3874 1890 3924 sqq.
1946 3862 2006 3909 et.
2042 3852 2284 3908 CXXIV
2321 3872 2446 3923 sqq.
2497 3869 2660 3911 accu-

459 3938 637 3991 ratius
674 3938 943 4007 diopuiai.
2489 4008 2492 4013 Ι

600 4025 657 4091 2)
696 4026 880 4077 Codex
931 4026 1229 4096 primarius
1281 4028 1335 4083 in
1394 4027 1571 4081 Paris.
1621 4025 1761 4079 bibl.
1812 4031 2111 4088 servatur,
2177 4023 2300 4080 edd.
2355 4041 2466 4094 prr.
2517 4023 2660 4078 duae

457 4113 618 4161 eunt:
659 4108 850 4164 Franc.
882 4106 1223 4169 Robortelli.
1265 4113 1692 4168 Basileaeffibt.
1730 4120 1787 4164 et.
1808 4110 1968 4165 Paul.
1992 4106 2248 4164 Manutii.
2294 4108 2660 4165 1555.Venet.
