3017 4825
1508 361 1604 434 62

448 581 912 666 jurisconsultus
952 577 1372 659 peritissimuS,
1432 578 1489 640 is
1523 577 1789 639 Romana
1829 574 1940 639 fuit
1980 578 2166 658 stirpe
2210 586 2270 640 et
2311 580 2370 642 in
2416 581 2658 644 exilium

457 689 622 742 actus
665 681 738 742 ab
780 679 1022 740 Nerone
1063 677 1423 757 imperatore
1474 693 1674 755 neque
1738 689 1887 738 vero
1953 678 2194 739 omnino
2239 678 2438 741 -libros
2482 698 2661 742 com-

455 781 734 861 posuisse
766 777 1017 838 videtur.
1101 775 1300 847 Quare
1344 769 1419 835 ὣ
1443 774 1712 836 Romano
1752 774 1867 835 hoc
1898 777 2331 855 jurisconsulto
2374 782 2663 842 omnino-

455 895 576 958 que
615 878 691 940 de
734 876 987 956 Longini
1030 875 1270 936 nomine
1314 875 1564 954 cogitari
1605 875 1828 953 nequit.

620 975 738 1040 Sed
782 975 1049 1055 Dionysii
1094 990 1336 1052 quoque
1379 987 1599 1034 nomen
1657 973 1758 1032 vix
1815 972 2009 1051 abque
2069 989 2203 1032 cum
2262 973 2661 1052 probabilitati

455 1074 728 1154 scriptori
788 1073 1009 1153 imponi
1063 1077 1276 1152 potest.
1376 1070 1579 1151 Atque
1637 1072 1751 1132 hoc
1805 1071 1864 1132 in
1921 1071 2058 1133 loco
2116 1071 2256 1133 licet
2294 1073 2553 1153 rejicere
2599 1075 2659 1135 in

457 1190 563 1248 ea,
625 1189 779 1251 quae
820 1189 916 1252 pg.
964 1169 1040 1231 17
1084 1187 1214 1250 sqq.
1259 1171 1612 1250 protulimus
1659 1170 1994 1249 quibusque
2049 1170 2341 1249 probasse
2383 1189 2496 1232 nos
2540 1191 2660 1253 pu-

454 1278 666 1347 tamuS,
710 1270 1077 1351 Dionysium,
1109 1269 1408 1330 rhetorem
1446 1267 1982 1345 Halicarnasseum,
2026 1274 2126 1330 aut
2150 1269 2322 1330 alium
2351 1270 2658 1332 rhetorem

455 1369 747 1448 Augustei
804 1369 934 1428 aevi
995 1383 1134 1428 esse
1203 1383 1326 1428 non
1384 1379 1600 1446 posse,
1674 1367 1771 1446 qui
1827 1366 2160 1430 confecerit
2227 1367 2388 1428 tanti
2430 1369 2657 1449 ingenii

454 1473 914 1528 monumentum.
982 1497 987 1504 ·
1033 1464 1224 1544 Magis
1302 1463 1566 1525 fortasse
1643 1466 1997 1542 conveniat,
2088 1465 2301 1525 librum
2374 1483 2657 1529 asserere

454 1566 741 1646 Dionysio
786 1565 1034 1639 cuidam,
1078 1562 1279 1623 Glauci
1314 1562 1484 1640 filio,
1526 1561 1954 1641 Alexandrino,
1999 1565 2169 1644 cujus
2216 1565 2407 1626 omnis
2445 1567 2653 1627 notitia

456 1682 537 1722 ex
596 1659 903 1744 Suidae1)
963 1661 1167 1722 verbis
1221 1659 1651 1740 proficiscitur3
1728 1661 1942 1726 Suidas
1989 1664 2147 1724 enim
2211 1664 2427 1726 vixisse
2479 1664 2642 1723 illum

454 1767 654 1822 narrat
692 1759 803 1821 sub
846 1759 1300 1838 imperatoribus
1345 1758 1419 1818 ab
1460 1757 1706 1820 Nerone
1755 1759 1829 1820 ad
1875 1759 2190 1840 Trajanum
2235 1778 2423 1840 usque
2459 1779 2639 1840 prae-

451 1859 831 1939 positumque
870 1856 1243 1919 bibliothecis
1284 1856 1831 1936 imperatorumque
1872 1857 1945 1918 ab
1991 1858 2289 1937 epistoliS,
2346 1860 2643 1940 responsis

453 1956 975 2038 legationibusque
1015 1953 1217 2016 fuisse.
1318 1952 1437 2016 Sed
1498 1954 1729 2016 etiamsi
1792 1961 1956 2016 aetas
2016 1954 2223 2016 eadem
2281 1957 2393 2034 sit,
2453 1961 2652 2018 tamen

450 2054 811 2116 monendum
875 2053 1020 2130 erit,
1105 2059 1306 2113 cetera
1373 2067 1750 2131 nequaquam
1826 2053 1888 2114 in
1957 2060 2225 2116 nostrum
2298 2057 2652 2134 scriptorem

452 2152 780 2232 quadrare:
838 2150 1158 2229 Dionysius
1215 2152 1371 2211 enim
1430 2168 1611 2230 quum
1656 2158 1820 2212 esset
1861 2150 2285 2214 Chaeremonis
2329 2153 2656 2232 discipulus

450 2257 514 2312 et
555 2266 906 2325 successor,
965 2250 1104 2308 item
1162 2255 1342 2326 atque
1385 2247 1760 2310 Chaeremon
1820 2250 1952 2328 ipse
2006 2251 2231 2312 stoicus
2254 2248 2323 2330 2)
2365 2250 2490 2312 fuit.
2575 2252 2659 2313 At

451 2350 554 2430 qui
614 2348 690 2410 de
754 2348 1109 2410 sublimitate
1173 2346 1525 2408 elocutionis
1593 2348 1901 2427 disseruit,
1983 2365 2357 2431 nequaquam
2425 2352 2656 2415 stoicae

450 2446 714 2511 sectator
745 2447 1089 2527 disciplinae
1112 2451 1359 2525 apparet
1373 2460 1392 2519 3
1437 2445 1546 2508 sed
1591 2452 1711 2507 tota
1754 2448 1886 2528 ejus
1923 2449 2077 2509 ratio
2118 2466 2320 2510 rerum
2365 2450 2658 2512 conside-

448 2546 798 2620 randamm,
856 2544 975 2604 imo
1021 2543 1195 2605 etiam
1237 2542 1514 2606 dictionis
1553 2545 1743 2607 elatus
1802 2546 2036 2625 quidam
2092 2547 2306 2609 modus
2346 2548 2655 2611 Platonem

448 2645 896 2724 doctrinamque
940 2643 1175 2705 redolet
1217 2644 1609 2718 Platonicam3
1664 2651 1725 2706 et
1774 2646 2095 2726 praecipue
2136 2645 2248 2708 hac
2291 2648 2350 2708 in
2392 2666 2461 2710 re
2503 2664 2657 2728 per-

446 2744 691 2824 spicitur
732 2745 876 2805 mira
922 2743 1209 2822 quaedam
1253 2743 1562 2821 scriptoris
1604 2761 1737 2803 cum
1780 2744 2091 2806 Plutarcho
2133 2746 2485 2825 similitude,
2547 2750 2657 2828 qui

444 2844 587 2904 item
631 2843 931 2903 Platonem
976 2841 1184 2901 imitari
1231 2856 1524 2902 summum
1565 2841 1759 2904 habet.
1823 2843 2228 2924 intelligimus
2272 2845 2428 2906 hunc
2468 2847 2657 2928 inge-

446 2943 677 3005 nicrum
722 2956 1082 3002 consensum
1145 2941 1399 3002 maxime
1459 2942 1523 3002 in
1575 2948 1841 3004 extrema
1894 2946 2199 3021 sectione,
2255 2944 2356 3004 ubi
2401 2945 2487 3023 is,
2548 2947 2655 3027 qui

589 3215 641 3277 1)
695 3212 848 3264 Suid.
899 3225 941 3258 a.
995 3208 1254 3265 Διονύσιος
1307 3204 1724 3276 ῗΛ).εξανδρειῖς-,,
1758 3206 1782 3256 ὅ
1820 3207 2052 3260 Γλαυῖκου
2093 3211 2237 3281 pize,
2283 3213 2651 3281 γραμματικὸς,

440 3298 584 3355 ὅστις
617 3296 721 3349 ἀπὸ
759 3296 993 3363 Νέρωνος
1031 3291 1189 3358 συνῆν
1225 3291 1306 3340 καὶ
1341 3300 1447 3348 τοῖς
1481 3296 1634 3362 μέχρι
1674 3292 1965 3356 Τραϊανοῦ,
2017 3295 2100 3347 καὶ
2150 3294 2253 3344 τῶν
2300 3297 2651 3362 βιβλιοθηκῶν

445 3379 709 3447 προῦστη,
761 3377 842 3427 καὶ
895 3376 980 3427 ἐπὶ
1028 3373 1131 3424 τῶν
1180 3374 1458 3426 {ataroth
1492 3378 1576 3427 καὶ
1612 3376 1884 3447 πρεςβειῶν
1920 3381 2113 3449 ἐγένετο
2149 3380 2230 3428 καὶ
2263 3380 2650 3450 ἀποκριμάτων.

442 3457 508 3534 ἦν
568 3464 625 3516 δὲ
675 3462 756 3515 καὶ
826 3461 1124 3517 διδάσκαλος
1194 3459 1496 3530 Παρθενίου
1565 3460 1658 3511 ‘rofi'
1726 3463 2097 3528 γραμματικοῦ.
2168 3483 2254 3520 μα
2276 3465 2507 3532 θητής
2573 3468 2607 3517 δ
2625 3466 2650 3518 ἑ

443 3551 923 3620 Χαιρήμονος,
977 3544 1070 3597 τοῦ
1117 3546 1408 3607 φιλοσόφου,
1470 3549 1528 3597 ὃν
1563 3549 1643 3598 καὶ
1679 3548 1935 3604 διεδέξατο
1978 3553 2031 3599 ἐν
2061 3549 2430 3619 Ἀλεξανδρείᾳ.
2508 3550 2649 3601 Par·

444 3633 669 3688 thonius
705 3644 892 3687 autem
932 3638 1162 3700 propter
1199 3632 1467 3699 temporie
1504 3632 1826 3684 dictantium
1876 3632 2022 3685 aliun
2072 3642 2196 3696 est,
2249 3650 2417 3701 qnam
2469 3635 2650 3686 notio-

441 3720 615 3775 nimus
651 3718 884 3789 Virgilii
925 3724 1286 3785 praeceptum
1342 3717 1544 3772 Athen.
1580 3716 1671 3768 xl.
1713 3735 1763 3784 p.
1807 3722 1927 3773 467.
1963 3726 2248 3784 tanquam
2307 3718 2357 3768 in
2412 3735 2471 3767 re
2507 3720 2647 3773 nuti·

440 3805 761 3858 celebrata.
821 3804 1136 3872 Παρθένιος
1175 3802 1275 3866 ait,
1313 3803 1339 3853 ὅ
1374 3802 1468 3855 τοῦ
1505 3805 1770 3854 Διονυσίου
1806 3812 1945 3866 etc.;
1997 3804 2189 3855 eadem
2230 3804 2407 3854 verbu
2445 3804 2647 3873 legun-

441 3896 536 3940 tur
574 3906 661 3953 ap.
710 3886 834 3938 Am
876 3886 967 3941 XI.
1019 3906 1066 3954 p.
1105 3892 1225 3941 501-

578 3978 637 4036 2)
680 3970 1077 4023 (maen-omont·
1130 3972 1506 4039 frag-mentum
1555 3977 1735 4021 extet-t
1771 3987 1857 4038 ap.
1897 3971 2057 4021 Beck.
2091 3970 2279 4023 anecd.
2321 3969 2390 4029 u,
2429 3988 2480 4036 p.
2506 3976 2640 4030 515·

440 4055 699 4107 omnino
692 4056 776 4105 de
829 4072 893 4106 eo
954 4057 1121 4118 Voss,
1198 4057 1267 4106 de
1334 4056 1563 4107 hinton.
1617 4070 1701 4122 gr.
1757 4053 1826 4113 11,
1865 4062 1904 4108 -1
1964 4056 2084 4109 init.
2153 4073 2207 4121 p.
2269 4060 2368 4108 209
2415 4072 2498 4122 aq
2551 4056 2643 4109 ed.

447 4138 852 4192 weston-mann.
1248 4160 1253 4167 ·
1486 4160 1495 4167 ·
1555 4160 1559 4165 ·
2427 4164 2432 4171 ·
