3017 4825
1384 342 1472 414 61

1226 444 1616 457 --—..--‘———

330 569 543 633 festam
586 585 707 630 non
748 565 938 630 solum
981 560 1392 641 eloquentiae,
1471 559 1582 622 sed
1634 560 1808 622 etiam
1872 560 2278 644 philosophiae
2331 568 2531 648 respi-

334 667 497 729 ciunt
538 673 829 741 aetatem,
893 679 1048 742 quae
1110 659 1332 722 homini
1390 658 1679 722 libertatis
1734 662 1951 723 amanti
2003 679 2078 723 eo
2120 663 2431 726 molestior
2471 673 2532 728 et

330 764 757 828 intolerabilior
817 779 956 824 esse
1017 756 1368 839 oportebat,
1434 755 1626 835 quoda=
1651 777 1685 819 a
1744 759 2106 841 principibus
2147 761 2292 842 ipsis
2333 762 2531 842 philo-

332 864 568 945 sophia,
643 863 906 945 genitrix
959 856 1128 937 quasi
1183 862 1367 934 atque
1431 862 1621 916 mater
1675 857 1997 936 libertatis,
2079 861 2532 940 opprimeretur.

331 961 792 1024 Insectationem
851 962 1046 1017 autem
1106 950 1594 1033 philosophorum
1649 955 1759 1016 sub
1803 955 2138 1020 Domitiano
2183 966 2370 1021 ortam
2411 976 2535 1020 non

331 1061 471 1122 licet
511 1058 890 1136 intelligere,
946 1051 1165 1131 quippe
1209 1066 1364 1128 quae
1409 1066 1533 1109 non
1576 1049 1755 1110 modo
1810 1053 2079 1134 singulos
2132 1056 2533 1136 professoreS,

333 1160 489 1220 sicut
532 1154 933 1234 Vespasianea
956 1196 973 1227 ,
1017 1149 1127 1212 sed
1168 1166 1378 1212 omnes
1423 1149 1558 1209 fere
1598 1149 1870 1211 ex-urbe
1909 1157 2294 1236 summoverit
2336 1173 2535 1236 eoque

330 1254 714 1335 lugubriores
785 1248 1119 1331 philosophi
1175 1248 1364 1312 nostri
1418 1247 1700 1326 querelas
1743 1248 2090 1318 ‚excitatura
2151 1253 2402 1332 fuisset,
2481 1254 2535 1315 si

334 1354 492 1414 illam
535 1350 824 1412 voluisset
863 1345 1219 1428 significare.
1303 1345 1501 1417 Quare
1544 1345 1659 1406 hoc
1703 1345 1943 1424 quidem
1999 1347 2140 1410 licet
2195 1367 2308 1429 pro
2368 1358 2535 1418 certo

339 1450 612 1529 accipere
664 1454 725 1508 et
772 1446 1172 1521 constituere,
1237 1445 1799 1506 commentationem
1861 1446 2009 1528 περὶ
2076 1441 2312 1528 ὕψους
2360 1467 2535 1512 com..

339 1548 589 1627 positam
653 1563 790 1610 esse
871 1561 995 1606 non
1065 1559 1279 1623 posse,
1381 1542 1494 1604 nisi
1565 1542 1676 1608 sub
1745 1544 2106 1624 imperatore
2164 1545 2532 1626 Vespasiano

339 1652 400 1707 et
438 1645 615 1725 hujus
654 1643 890 1724 quidem
945 1643 1306 1723 principatus
1348 1643 1554 1721 quinto
1614 1649 1716 1703 aut
1756 1650 1931 1704 sexto
1993 1661 2186 1721 annu,
2247 1644 2363 1707 hoc
2423 1653 2535 1725 est,

335 1760 495 1805 anno
534 1762 590 1823 p.
634 1743 769 1804 Chr.
810 1761 865 1803 n.
909 1740 993 1802 74
1032 1747 1135 1801 aut
1171 1738 1269 1800 75.

502 1840 623 1902 Sed
681 1840 928 1901 simulac
980 1839 1240 1900 auctoris
1300 1844 1588 1914 aetatem,
1648 1845 1929 1916 quantum
1991 1847 2216 1920 potest,
2276 1845 2537 1907 circum-

335 1938 713 2017 scripsimus,
776 1938 971 1999 statim
1027 1954 1186 2000 nova
1230 1936 1500 2015 quaestio
1544 1936 1768 2012 oritur,
1829 1937 2096 2015 quisnam
2138 1940 2316 2003 homo
2359 1942 2541 2005 fuerit

334 2036 641 2116 ingenium
678 2036 819 2096 illud
842 2081 859 2113 ,
923 2035 1017 2097 cui
1060 2033 1363 2098 debemus.
1386 2034 1603 2096 librum
1659 2037 2261 2114 praestantissimum3
2324 2047 2540 2121 estque

334 2133 487 2196 haec
547 2135 816 2213 quaestio
879 2150 955 2195 eo
1015 2133 1256 2214 majoris
1315 2132 1635 2209 momenti,
1710 2150 1830 2212 quo
1891 2136 2082 2216 magis
2136 2137 2537 2220 intelligimus

335 2250 517 2312 posse
579 2251 691 2296 nos
750 2251 883 2296 eam
936 2249 1059 2294 non
1117 2250 1223 2310 ea,
1303 2250 1419 2311 qua
1463 2231 1746 2309 velimuS,
1831 2236 2212 2298 accuratione
2275 2239 2538 2302 solvere.

336 2331 656 2411 Postquam
722 2331 877 2394 enim
936 2332 1301 2413 argumentis
1360 2331 1842 2394 luculentissimis
1901 2335 2092 2397 omnis
2147 2335 2225 2397 de
2262 2336 2537 2419 Longino

339 2429 545 2494 Cassio
585 2430 1017 2510 Neoplatonico
1044 2431 1371 2491 ·sententia
1438 2430 1724 2508 concidit,
1780 2430 1933 2493 duae
1990 2435 2310 2514 praecipue
2359 2437 2541 2501 inve-

336 2530 580 2591 niuntur
607 2530 763 2605 viae,
808 2527 1020 2607 quibus
1064 2544 1286 2591 nomen
1326 2528 1589 2588 auctoris
1623 2531 1877 2606 ⁴assequi
1909 2547 2248 2612 possumuS,
2291 2551 2540 2613 quarum

338 2625 614 2706 equidem
658 2644 912 2704 vereor,
975 2644 1055 2687 ne
1116 2626 1327 2687 neutra
1384 2624 1559 2685 liceat
1603 2641 1679 2685 eo
1725 2641 1845 2703 quo
1885 2628 2160 2691 volumus
2203 2634 2541 2709 pervenire.

337 2725 528 2787 Prima
570 2730 767 2786 autem
802 2725 955 2785 ratio
1002 2730 1134 2800 est,
1201 2729 1269 2785 ut
1307 2723 1562 2803 scriptor
1602 2739 1726 2784 uno
1770 2730 2018 2789 ornetur
2060 2745 2139 2788 ex
2181 2730 2541 2810 nominibus,

340 2841 495 2901 quae
535 2823 601 2883 in
639 2822 838 2883 fronte
882 2820 1105 2885 codicis
1145 2822 1462 2901 leguntur:
1520 2821 1776 2902 Longini
1837 2830 1938 2885 aut
1989 2824 2294 2907 Dionysii3
2354 2828 2541 2891 altera

341 2928 407 2983 ut
459 2940 539 2985 ex
600 2920 799 2998 libris,
875 2937 1029 2999 quos
1085 2921 1215 2999 ipse
1276 2924 1345 2980 ut
1408 2937 1441 2979 a
1505 2936 1576 2979 se
1645 2920 1956 2987 confectos
2017 2924 2284 3004 tradidit,
2368 2928 2545 2989 liceat

342 3020 691 3099 scriptorem
735 3020 1047 3097 invenire,
1109 3018 1208 3098 qui
1267 3017 1342 3079 de
1384 3016 1594 3078 iisdem
1634 3017 1816 3078 rebus
1859 3018 2211 3082 disseruerit
2250 3026 2543 3105 cujusque

340 3119 460 3179 vita
502 3117 575 3178 ad
619 3116 734 3178 hoc
777 3116 1034 3180 medium
1079 3117 1303 3180 saeculi
1346 3116 1517 3196 primi
1562 3116 1813 3197 spatium
1853 3116 2067 3179 referri
2113 3121 2318 3200 possit.
2381 3122 2543 3194 Quas

343 3217 469 3277 vias
511 3212 790 3275 celeriter
832 3232 988 3274 nunc
1033 3232 1469 3294 percurramus

504 3312 688 3393 Atqui
730 3313 986 3395 Longini
1032 3329 1251 3373 nomen
1307 3314 1588 3376 habuisse
1645 3314 1994 3396 scriptorem
2053 3316 2207 3379 haud
2263 3317 2544 3381 credibile

342 3419 468 3489 est,
535 3431 715 3492 quum
769 3418 1008 3491 praeter
1065 3411 1329 3472 Cassium
1393 3412 1555 3473 illum
1599 3414 1932 3496 Longinum
1983 3418 2138 3477 tertii
2194 3419 2452 3494 saeculi,
2511 3436 2545 3479 a

345 3528 467 3590 quo
507 3517 680 3572 antea
722 3510 874 3572 liber
932 3508 1080 3595 περὶ
1146 3504 1382 3586 ὕψους
1441 3512 1754 3590 putabatur
1796 3512 2106 3575 confectus
2150 3532 2321 3592 esse,
2367 3533 2544 3578 nemo

342 3624 595 3688 usquam
635 3610 891 3689 Longini
947 3610 1186 3671 nomine
1242 3608 1649 3672 celebraretur
1708 3613 1767 3672 in
1825 3611 2151 3671 litterarum
2204 3614 2547 3688 annalibus;

346 3708 445 3786 qui
490 3708 645 3768 enim
690 3724 724 3768 a
758 3705 1039 3789 Tacit01)
1089 3724 1513 3786 nonnunquam
1555 3708 1827 3769 laudatur
1861 3707 1921 3767 C.
1951 3706 2190 3770 Cassius
2218 3709 2547 3790 LonginuS,

492 3882 546 3941 1)
587 3877 669 3931 Cf.
712 3877 874 3930 verbi
914 3894 1079 3930 causa
1120 3877 1252 3931 Tae.
1296 3878 1427 3928 Λυσι.
1464 3875 1586 3933 xtl.
1625 3882 1705 3936 11,
1744 3877 1814 3927 de
1845 3876 1993 3941 juris
2031 3876 2264 3943 peritia:
2302 3875 2547 3941 X11‚·12;

346 3960 496 4021 Xlss,
539 3966 637 4023 483
690 3962 758 4012 dc
810 3962 1005 4014 exsilio
1053 3964 1123 4017 ef.
1183 3966 1318 4017 Anu.
1379 3962 1528 4022 ΧΠ,
1569 3967 1631 4018 8:
1691 3962 2143 4029 ”epol-tutusque
2198 3959 2251 4011 in
2311 3959 2547 4013 insulam

350 4044 664 4098 Sardiniam
684 4045 911 4098 Cassius
948 4058 1006 4097 οι
1043 4057 1301 4100 senectus
1337 4048 1460 4112 ejus
1497 4046 1946 4114 exspectabatur.
2017 4044 2332 4097 Secundam
2355 4045 2549 4113 Pomp.

349 4129 418 4182 do
456 4128 596 4197 orig.
629 4127 740 4191 jur.
778 4132 829 4195 s.
868 4134 952 4185 47.
989 4133 1365 4185 revocabatur
1403 4150 1436 4185 u
1479 4130 1832 4201 Vespasiano.
