3017 4825
1481 343 1569 414 11

1595 445 1711 456 ——n-

428 553 639 627 eadem
682 570 862 645 atque
899 562 998 625 ilie
1051 554 1439 621 admiratione
1482 564 1728 636 tenear,
1788 555 1952 638 quod
2007 573 2186 620 nemo
2238 556 2629 639 interpretum

429 670 609 744 atque
655 664 988 725 criticorum
1007 706 1025 738 ‚
1070 675 1324 740 quorum
1368 659 1530 721 vires
1575 676 1645 720 ac
1686 656 1882 720 studia
1924 657 2252 719 consumsit
2288 657 2441 719 liber
2481 654 2626 741 περὶ

428 757 694 841 ὕψους,
743 761 934 823 adhuc
975 760 1130 821 hanc
1168 776 1299 821 rem
1344 757 1684 838 diligentius
1726 756 2030 819 disserere
2056 755 2367 835 studuerit,
2412 756 2630 836 quippe

428 872 610 938 quum
668 860 810 923 nihil
869 859 1060 939 magis
1128 856 1409 937 Longino
1480 855 1833 936 Palmyreno
1907 855 2122 917 librum
2202 855 2391 934 primo
2460 855 2629 935 quasi

422 964 672 1037 aspectu
712 957 1015 1019 vindicare
1051 954 1357 1032 videatur,
1416 971 1597 1033 qnam
1647 953 1796 1015 haec
1847 953 1974 1033 ipsa
2016 950 2318 1014 Ammonii
2359 970 2630 1015 comme-

424 1056 697 1118 moratio.
793 1051 1136 1131 WeiskiuS,
1198 1051 1299 1131 qui
1356 1052 1418 1112 in
1469 1050 1694 1112 adnott.
1747 1049 1822 1111 ad
1877 1050 1934 1111 h.
1985 1050 2023 1112 l.
2064 1048 2362 1112 Ammonii
2406 1050 2629 1115 Saccae

431 1153 754 1234 discipulos
826 1152 1143 1232 scripsisse
1216 1155 1382 1230 putat
1452 1148 1788 1211 encomium
1861 1147 2107 1210 Homeri
2186 1156 2286 1210 aut
2348 1149 2630 1227 Platonis,

429 1252 644 1313 statim
666 1249 892 1331 adjicit:
938 1247 1093 1327 „Sed
1136 1254 1333 1309 tamen
1361 1253 1421 1309 et
1453 1248 1603 1310 alius
1623 1245 1977 1309 Ammonius
2010 1247 2346 1327 significare
2376 1250 2627 1328 potuit“,

429 1349 645 1428 quibus
686 1348 884 1411 verbis
926 1353 1106 1409 totam
1149 1346 1564 1426 quaestionem
1606 1346 1669 1406 in
1706 1346 1936 1407 incerto
1966 1346 2217 1425 reliquit.
2301 1345 2383 1408 At
2424 1347 2628 1409 hercle

427 1446 783 1528 interpretes
821 1449 1018 1510 Iocum
1060 1462 1184 1509 non
1226 1446 1324 1507 illa
1347 1490 1364 1523 ,
1436 1463 1553 1525 qua
1614 1442 2001 1529 debuerunt,
2047 1441 2351 1525 diligentia
2392 1462 2464 1507 ac
2518 1463 2627 1507 re·-

426 1546 652 1627 ligione
710 1547 1261 1626 circumspexerunt
1274 1563 1294 1619 3
1371 1544 1593 1606 etenim
1652 1544 1983 1605 accuratius
2041 1543 2094 1604 si
2157 1543 2493 1623 quaeritur,
2550 1542 2628 1605 de

426 1663 548 1727 quo
588 1646 872 1710 librorum
929 1663 1160 1726 genere
1217 1660 1418 1706 sermo
1474 1643 1576 1704 flat
1636 1644 1698 1705 in
1751 1642 1957 1705 verbis
2011 1643 2478 1724 Pseudolongini
2539 1641 2629 1726 (si

418 1744 542 1807 hoc
592 1745 860 1806 ‘nomine
922 1745 1050 1824 jam
1106 1758 1269 1802 nunc
1338 1741 1653 1820 appellare*
1711 1741 1852 1802 licet
1914 1748 2219 1802 auctorem
2285 1741 2416 1802 libri
2480 1741 2625 1824 περὶ

427 1839 706 1926 ὕψους,
765 1849 834 1903 ut
871 1841 1244 1902 discernatur
1299 1857 1332 1900 a
1389 1840 1547 1900 tertii
1602 1839 1826 1900 saeculi
1877 1838 2231 1918 philosopho
2287 1835 2627 1920 Longino),

420 1942 546 2021 jam
573 1938 975 2019 intelligimus,
1018 1936 1316 1999 Ammonii
1349 1941 1450 1998 aut
1478 1936 1905 2016 discipulorum
1949 1938 2081 2017 ejus
2122 1936 2422 2016 scriptum,
2466 1936 2627 2017 quod

429 2038 659 2115 citatur,
700 2038 909 2118 procul
947 2036 1171 2098 distare
1213 2035 1286 2096 ab
1317 2033 1525 2096 studiis
1567 2034 2010 2115 philosophiciS,
2052 2035 2268 2113 quibus
2305 2053 2417 2115 per
2442 2041 2627 2098 totam

359 2205 362 2209 ,
424 2137 603 2198 vitam
629 2134 849 2199 Saccas
875 2134 1343 2215 Neoplatonicus
1370 2151 1440 2196 se
1469 2133 1736 2211 dederat,
1780 2133 2046 2213 quinum
2082 2134 2323 2195 omnino
2364 2152 2626 2215 unquam

425 2234 652 2296 calamo
707 2251 891 2315 opera
915 2270 920 2277 -
947 2233 1418 2313 composuisset,
1474 2244 1845 2313 magnopere
1897 2230 2195 2294 dubitatur
2216 2229 2302 2315 1).
2402 2233 2626 2295 Verum

426 2334 734 2396 enimvero
773 2338 1128 2394 recensetur
1171 2350 1204 2392 a
1248 2331 1541 2411 scriptore
1584 2330 1966 2413 grammatica
2012 2328 2303 2410 quaedam
2329 2330 2628 2393 Ammonii

424 2429 744 2508 industria,
808 2449 986 2510 qnam
1029 2429 1368 2492 exhibuisse
1427 2428 1640 2491 dicitur
1694 2431 1756 2491 in
1807 2427 1959 2490 libro
2006 2430 2203 2509 aliquo
2250 2430 2326 2493 de
2366 2430 2626 2494 Platonis

426 2528 804 2591 similitudine
847 2544 989 2589 cum·
1021 2527 1302 2588 Homer0.
1386 2527 1587 2600 Quare
1613 2545 1810 2607 quum
1853 2528 2094 2590 omnino
2119 2527 2491 2608 AmmoniuS,
2527 2530 2627 2592 hic

424 2630 810 2704 memoratus,
854 2626 1335 2707 aNeoplatonico
1378 2627 1609 2689 alienus
1652 2628 1749 2703 sit,
1792 2627 1892 2707 qui
1926 2643 2165 2691 omnem
2202 2629 2385 2689 vitam
2420 2636 2624 2699 trans-,-

426 2728 551 2808 egit
589 2727 650 2788 in
687 2726 1016 2806 sapientiae
1059 2725 1362 2806 disciplina
1403 2727 1856 2807 divinarumque
1898 2733 1963 2790 et
2000 2727 2386 2790 humanarum
2422 2747 2622 2791 rerum

423 2826 802 2908 cognitione,
835 2826 962 2906 jam
1009 2822 1084 2884 ad
1131 2829 1390 2902 ceterOS,
1428 2842 1582 2904 quos
1622 2825 1939 2905 antiquitas
1982 2827 2414 2906 celebraverat,
2452 2829 2624 2912 ejus-

421 2924 557 2997 dem
600 2922 856 2985 nominis
899 2921 1454 3003 transgrediendum
1495 2924 1643 3000 erit,
1705 2939 1956 3001 quorum
1974 2969 1992 2999 ,
2057 2925 2108 2984 si
2165 2931 2434 3003 tempora
2483 2933 2622 2988 ante

422 3022 759 3106 Longinum
800 3028 1066 3103 reputes,
1090 3018 1264 3098 [nam
1306 3022 1645 3103 posteriora
1688 3020 1828 3082 nihil
1863 3019 1936 3081 ad
1965 3027 2227 3082 nostram
2262 3021 2449 3103 rem),
2472 3023 2623 3088 duos

419 3129 732 3204 praeterea
773 3119 1042 3183 laudatos
1083 3119 1448 3201 reperimus:
1490 3118 1871 3181 Ammonium
1902 3117 2392 3200 Alexandrinum,
2437 3121 2622 3184 disci-

421 3221 623 3301 pulum
703 3204 1034 3281 Aristarchi
1110 3219 1530 3308 grammatici,
1610 3226 1672 3281 et
1735 3218 2121 3290 „Ammonium
2190 3219 2619 3306 'philosophum

424 3315 721 3401 quendam
784 3324 1237 3397 praeceptorem
1296 3318 1627 3399 Plutarchi„
1696 3322 1798 3398 qui
1858 3320 2037 3382 vitam
2096 3322 2228 3401 ejus
2288 3325 2621 3401 composuit

424 3415 681 3495 scripto,
743 3413 905 3493 quod
958 3413 1062 3476 ad·
1093 3421 1360 3478 nostram
1412 3417 1756 3481 memoriam
1798 3434 1921 3491 non
1961 3417 2340 3498 pervenitffj'l.
2428 3425 2616 3493 &tunm

422 3521 622 3576 autem
666 3530 789 3575 non
833 3512 908 3574 de
949 3511 1393 3594 philosophicis,
1431 3515 1541 3578 sed
1572 3515 1647 3577 de
1690 3518 2089 3598 grammaticis
2126 3518 2332 3580 litteris
2372 3521 2616 3587 dicatur.

422 3613 631 3694 procul
671 3610 850 3673 dubio
893 3617 1015 3689 est,
1063 3612 1202 3691 quin
1245 3610 1376 3690 hic,
1437 3631 1617 3692 quem
1657 3614 1912 3696 scriptor
1949 3621 2160 3676 noster
2201 3617 2384 3693 acl-rit,
2444 3621 2616 3681 lim-lt

425 3712 841 3792 grammaticus
884 3711 986 3776 ille
1031 3712 1521 3794 Alexandrimus,
1585 3715 1745 3797 quod
1804 3715 2139 3779 facillimum
2197 3721 2288 3778 esi.
2352 3721 2612 3797 prohinc,

567 3977 621 4075 i')
660 4009 742 4065 Οἳ.
789 4012 971 4080 Pauly
1008 3975 1416 4086 Eneyelopnod.
1454 4018 1589 4070 real.
1628 4015 1938 4088 stuttgart.
1971 4032 2017 4068 ι.
2051 4014 2372 4069 Δηιωηῐιῖιιε
2412 4037 2492 4070 nr.
2536 4025 2576 4074 3.

562 4094 624 4153 2)
660 4092 745 4145 cf.
786 4095 1024 4165 FabrFC„
1048 4099 1185 4156 bibl.
1222 4119 1311 4171 gr.
1349 4102 1415 4156 V.
1457 4121 1508 4170 p·
1548 4105 1650 4157 712
1684 4117 1807 4168 flqq·
1896 4100 2078 4169 Pnuly
2118 4101 2412 4166 ElltJ‘rhw.
2456 4106 2612 4150 stauil-

422 4193 467 4229 ο.
507 4176 829 4230 Ammonius
867 4178 966 4237 Νι.
1005 4187 1057 4236 2.
