3017 4825
1490 345 1544 419 8

416 581 664 644 Restant
719 581 875 645 enim
935 582 1125 645 adhuc
1180 583 1521 663 complures
1585 585 1899 662 praeterea
1959 577 2204 645 codices
2241 579 2624 662 manuscripti

416 678 550 740 libri
594 677 740 764 περὶ
785 675 1061 761 ὕψους,
1128 680 1229 762 qui
1283 687 1484 744 tamen
1545 697 1757 744 omnes
1808 678 2100 758 redeunt,
2158 685 2225 743 ut
2277 679 2353 742 ad
2394 679 2624 742 fontem

418 776 626 855 quasi,
686 775 761 839 ad
801 778 1128 842 Pa‘risinum
1180 781 1344 843 illnm
1370 777 1476 863 ῆς
1539 778 1642 842 ubi
1697 778 1854 841 enim
1905 778 1969 840 in
2009 778 2126 840 hoc
2164 778 2421 860 paginae
2459 795 2625 839 non·-

415 874 616 936 nullae
659 875 1041 957 exciderunt,
1098 877 1180 941 ibi
1240 879 1416 942 etiam
1460 878 1648 942 ceteri
1691 892 1903 941 omnes
1943 876 2186 939 totidem
2232 875 2454 939 deesse
2487 875 2627 957 pla-

417 970 593 1051 gulas
638 972 1028 1038 adnotabant:
1098 993 1285 1058 quare
1326 978 1379 1040 si
1417 976 1579 1039 hunc
1623 993 1806 1038 unum
1841 976 2107 1053 noveris,
2149 982 2388 1037 ceteros
2413 987 2627 1037 omnes

421 1068 693 1133 novistis
742 1072 808 1138 In
837 1074 954 1137 hoc
985 1075 1168 1158 igitur
1194 1073 1526 1158 principali,
1568 1080 1636 1137 ut
1661 1075 1742 1136 ita
1771 1073 1982 1152 dicam,
2022 1074 2175 1135 libro
2202 1073 2625 1154 manuscripto,

417 1171 482 1231 in
526 1186 647 1247 quo
689 1177 958 1235 nostrum
1018 1176 1506 1238 commentarium
1545 1171 1889 1238 Aristotelis
1947 1172 2318 1253 problemata
2371 1177 2630 1232 antece-

422 1264 604 1344 dunt,
683 1269 810 1351 jam
886 1271 959 1333 ab
1031 1271 1198 1337 initio
1260 1271 1775 1336 commentationis
1835 1270 1912 1332 de
1968 1270 2323 1333 sublimitate
2376 1269 2629 1351 legitur:

425 1365 929 1432 AIONTGIOT
970 1372 1578 1449 ΗΛΟΓΓΙΝΟΤ,
1637 1386 1761 1431 non
1799 1365 1959 1449 quod
2019 1374 2193 1429 antea
2240 1367 2364 1448 legi
2406 1365 2628 1429 crede-

422 1460 599 1524 batur
635 1468 998 1532 Διονυσίου
1045 1470 1379 1550 Λογγίνου
1414 1466 1505 1551 ²).
1584 1466 1782 1531 Amati
1817 1468 2012 1545 enim,
2057 1466 2158 1546 qui
2198 1464 2398 1528 denuo
2442 1481 2629 1527 accu-

419 1559 609 1622 ratius
668 1562 935 1626 codicem
993 1567 1182 1630 oculis
1238 1567 1535 1649 subjecit,
1600 1565 1826 1649 primus
1881 1568 1940 1629 H
2000 1563 2144 1626 illud
2184 1563 2444 1644 reperit,
2510 1582 2628 1644 qua

422 1655 622 1719 littera
664 1660 726 1721 in
767 1661 1029 1725 futurum
1073 1665 1420 1743 cohibetur,
1478 1665 1799 1745 quominus
1837 1662 1900 1725 in
1943 1661 2151 1725 codice
2193 1660 2408 1723 adesse
2446 1668 2631 1741 pute·-

425 1767 561 1818 mus
589 1762 991 1835 »Διονυσίου
1026 1764 1422 1846 Λογγίνου“,
1466 1782 1588 1845 quo
1628 1763 1871 1826 nomme
1907 1778 2118 1824 omnes
2153 1767 2294 1824 ante
2332 1759 2630 1823 Amatium

426 1854 719 1919 editiones
760 1860 1113 1941 scriptorem
1157 1869 1536 1925 exornarent.
1620 1861 1729 1940 At,
1794 1877 1973 1942 quum
2015 1859 2193 1921 hodie
2235 1864 2539 1922 constaret
2553 1855 2628 1941 ³)

422 1953 679 2017 litteram
722 1952 762 2040 ἢ
803 1958 925 2041 legi
968 1961 1030 2023 in
1074 1961 1297 2025 codicis
1337 1962 1750 2043 inscriptione,
1792 1962 1911 2042 iam
1954 1959 2279 2041 apparebit,
2324 1957 2629 2028 libmrium

425 2067 720 2115 manuscr.
751 2055 1016 2144 Parisini,
1059 2078 1238 2139 quem
1280 2067 1419 2122 ante
1460 2059 1764 2121 saeculum
1809 2058 2103 2120 decimum
2127 2053 2200 2139 ⁴]
2239 2056 2468 2117 vixisse
2501 2072 2630 2117 non

426 2150 712 2213 credibile
753 2161 894 2232 estq-
945 2157 1137 2237 ipsum
1180 2157 1421 2220 dubium
1463 2156 1685 2234 fuisse,
1743 2155 2018 2236 quisnam
2059 2153 2381 2234 perfecerit
2417 2152 2630 2216 librum

429 2246 506 2309 de
547 2248 920 2317 sublimitate.
1004 2255 1360 2338 Intelligitur
1388 2262 1608 2333 autem,
1649 2252 1866 2335 duplici
1906 2251 2087 2316 modo
2123 2252 2409 2333 explicari
2449 2268 2633 2332 posse

424 2346 655 2409 titulum
695 2349 892 2415 illum:
949 2354 1075 2438 J'am
1139 2354 1295 2419 enim
1356 2354 1459 2418 vel
1509 2352 1805 2417 librarius·
1846 2353 1979 2434 ipse
2038 2352 2100 2413 in
2139 2351 2243 2415 illo
2287 2348 2632 2431 exemplari,

430 2465 510 2508 ex
553 2466 673 2527 qno
708 2468 885 2514 suum
938 2456 1345 2537 apographum
1402 2455 1747 2535 exscripsit,
1803 2469 2026 2514 nomen
2083 2458 2185 2513 aut
2221 2450 2491 2532 Dionysii
2531 2455 2634 2511 aut

427 2543 687 2627 Longini
718 2549 953 2614 invenit
995 2561 1055 2617 et
1096 2556 1345 2617 alterum
1386 2554 1598 2616 horum
1640 2551 1947 2617 nominum
1977 2551 2108 2630 ipse
2135 2548 2372 2631 adjecit,
2416 2548 2635 2628 quippe

430 2643 534 2721 qui
575 2642 899 2729 dubitaret,
959 2669 1098 2715 num
1140 2670 1357 2717 revera
1397 2652 1551 2713 liber
1605 2648 1916 2731 profectus
1970 2648 2048 2709 sit
2086 2646 2161 2709 ab
2198 2660 2320 2708 uno
2365 2646 2634 2707 alterove

427 2738 692 2821 illomm3
734 2750 833 2810 vel
871 2750 1024 2830 ipse,
1066 2753 1128 2813 in
1173 2750 1477 2814 codicibus
1521 2749 1685 2811 nullo
1725 2747 2035 2828 scriptoris
2064 2744 2326 2827 vestigio
2363 2750 2632 2821 ΓθΡθΓῑθν·

429 2849 750 2923 utrumque
785 2853 846 2908 et
877 2848 1145 2932 Dionysii
1189 2856 1251 2914 et
1271 2848 1533 2931 Longini
1572 2865 1797 2911 nomen
1828 2844 2157 2926 adscripsit,
2201 2843 2417 2924 quippe
2453 2858 2631 2922 quem

431 2948 749 3023 utrumque
791 2953 996 3010 notum
1040 2954 1204 3012 esset
1246 2947 1323 3010 de
1366 2946 1582 3011 eadem
1625 2952 1727 3008 aut
1766 2944 1939 3007 simili
1974 2961 2046 3005 re
2077 2958 2417 3005 sermonem
2458 2938 2638 3001 insti-

430 3043 634 3106 tuisse.
719 3042 840 3109 Sed
878 3047 1034 3110 sitne
1075 3047 1228 3111 haec
1279 3066 1352 3110 an
1395 3047 1495 3108 illa
1539 3043 1835 3109 sententia
1873 3041 2255 3107 verisimilior
2295 3044 2398 3101 aut
2455 3038 2634 3101 etiam

577 3357 630 3422 1)
670 3359 755 3411 De
792 3360 899 3413 hoe
935 3360 1249 3431 ceterisque
1284 3361 1436 3411 codd.
1476 3356 1883 3413 eRRuhnkenii
1920 3352 2048 3410 diu.
2085 3355 2158 3406 de
2196 3352 2315 3411 vita
2351 3360 2409 3405 et
2443 3351 2638 3421 script..

432 3438 610 3508 Βοῦς.
651 3440 704 3496 in
742 3444 826 3498 ed.
870 3445 1077 3499 Weick.
1120 3464 1209 3516 μς.
1250 3444 1395 3501 etv,
1428 3454 1490 3497 ct
1530 3463 1623 3514 μς.
1649 3442 1842 3497 ΧΒΙΙΙ
1865 3459 2026 3510 sqq.;
2063 3440 2185 3493 sola
2221 3437 2275 3491 in
2313 3444 2456 3499 noct.
2480 3435 2637 3495 vul,

431 3526 754 3582 exciderunt
804 3548 871 3583 cx
921 3531 1231 3600 archetypo
1284 3538 1412 3600 pont
1481 3532 1695 3585 sactum
1745 3529 1866 3594 iam
1921 3525 2309 3596 apographum
2367 3522 2635 3591 Plflguhfl

431 3606 503 3662 ee.
545 3611 766 3666 Ruhnk.
808 3617 845 3671 l.
882 3618 1046 3668 modo
1088 3617 1235 3671 laud.

573 3702 630 3762 2)
673 3699 761 3754 ef.
804 3702 1102 3769 epistolam
1156 3700 1366 3755 Amatii
1423 3718 1684 3769 quaeque
1735 3697 1867 3751 huic
1920 3692 2205 3749 weisun-
2268 3688 2478 3758 adjecit
2543 3707 2636 3758 Ps-

434 3776 536 3834 213
568 3798 690 3850 sqq.
729 3785 817 3838 ed.
860 3782 1232 3841 Weiskianac.

570 3873 633 3929 3)
675 3867 875 3921 Videas
912 3871 1164 3924 'sollium
1202 3888 1294 3940 με.
1335 3874 1454 3926 216.
1493 3869 1582 3923 ed.
1621 3863 1926 3919 Wefflstim·

573 3957 632 4018 4)
682 3955 766 4006 Cf.
818 3956 950 4008 cod.
1010 3958 1138 4010 Par.
1187 3953 1617 4022 descriptionem
1679 3952 1751 4003 ab
1807 3948 1974 4002 Rich.
2022 3945 2252 4001 simona
2301 3943 2356 3997 ln
2410 3943 2638 3996 laeum·

434 4037 687 4091 choiniee.
722 4040 791 4094 Τ.
833 4040 916 4102 11,
972 4044 1146 4095 lettre
1197 4044 1265 4096 24
1316 4039 1528 4093 factam
1565 4037 1980 4104 *laudatumque
2014 4033 2087 4089 ab
2132 4026 2382 4087 Weiskio
2421 4028 2494 4080 ,in
2543 4043 2638 4079 ro-

435 4122 689 4176 censione
710 4120 979 4199 'codicum
1016 4145 1109 4197 γε.
1146 4123 1344 4178 xum.
