3017 4825
1520 322 1619 394 38

1659 424 1771 433 ...ι-

464 543 941 625 praeclarissimo
981 551 1133 607 tunc-
1168 541 1451 623 temporis
1493 539 1652 602 aeris
1704 535 1883 600 flandi
1939 535 2346 616 tundendique
2387 534 2675 617 magistro

473 641 849 707 efficiendam
863 662 883 720 ;
935 642 1100 724 quod
1142 640 1417 703 Caesaris
1460 636 1798 700 mandatum
1841 636 2101 717 explevit
2157 635 2373 698 artiiex
2411 651 2679 698 summus

472 740 719 808 Nerone
750 743 865 805 sub
892 741 1049 807 Solis
1089 740 1297 820 specie
1338 736 1414 800 ad
1455 743 1695 800 centum
1739 741 1800 797 et
1830 734 2038 796 decem
2064 733 2282 814 pedum
2314 732 2679 796 altitudinem

475 857 801 920 expresso,
861 845 1036 921 caput
1078 845 1308 920 septem
1366 835 1550 899 radiis
1592 834 1965 911 distinctum,
2024 850 2146 913 quo
2184 839 2398 894 ornatu
2440 831 2682 913 saepius

477 938 643 1000 Nero
682 940 743 1000 in
786 938 1042 1000 nummis
1084 954 1329 1017 quoque
1372 934 1739 1016 exprimitur.
1822 932 2225 1012 Neque‘vero
2268 930 2365 991 hic
2405 931 2683 995 colossus

477 1034 721 1116 longam
764 1042 1093 1117 temporum
1135 1036 1355 1099 seriem
1396 1033 1762 1116 perduravit,
1806 1049 1986 1110 quum
2022 1031 2148 1112 jam
2176 1029 2414 1092 Flavius
2443 1030 2685 1111 Vespa-

481 1132 684 1195 sianus
726 1131 859 1195 fere
901 1135 961 1198 in
1005 1135 1137 1216 ipso
1178 1135 1280 1197 illo
1324 1134 1460 1196 loco
1515 1149 1736 1194 aureae
1795 1129 2008 1192 domus
2060 1129 2263 1213 primis
2319 1128 2549 1209 imperii
2589 1131 2686 1193 sui

483 1231 853 1309 temporibus
891 1233 1059 1297 Pacis
1101 1233 1382 1313 templum
1422 1230 1783 1307 aedificaret,
1807 1230 2000 1310 ‚cujus
2033 1229 2439 1292 exstructione
2477 1230 2688 1309 plera-

487 1346 606 1407 que
626 1328 889 1394 Neronis
924 1350 1115 1414 opera
1156 1332 1525 1407 delerentur,
1570 1347 1873 1409 quumque
1913 1334 2106 1390 statua
2139 1328 2414 1390 colossea
2426 1327 2688 1391 Neronis

485 1433 675 1490 certeae
712 1438 960 1512 propter
997 1430 1340 1494 universale
1394 1430 1455 1491 in
1513 1429 1671 1490 hunc
1709 1428 2035 1510 principem
2067 1424 2276 1488 ‘odium
2317 1446 2370 1489 a.
2397 1426 2494 1488 ‘75
2561 1427 2690 1491 Soli

486 1524 626 1601 deo,
668 1528 730 1589 in
770 1532 943 1612 cujus
985 1529 1424 1594 similitudinem
1468 1528 1543 1592 ab
1585 1528 1748 1589 initio
1783 1543 2074 1607 expressa
2103 1532 2253 1602 erat,
2293 1526 2690 1589 dedicaretur.

487 1624 655 1697 Quae
712 1625 891 1689 fuerit
929 1628 1189 1709 posteris
1244 1626 1616 1708 temporibus
1666 1625 1888 1686 colossi
1931 1625 2106 1706 hujus
2149 1623 2408 1687 conditio
2453 1632 2514 1686 et
2555 1625 2692 1687 for-

485 1729 662 1800 tuna,
732 1724 874 1786 nihil
933 1726 1006 1787 ad
1062 1732 1327 1790 nostram
1389 1742 1558 1799 rem3
1629 1729 1888 1785 attamen
1949 1721 2309 1802 scriptoreS,
2375 1723 2476 1802 qui
2531 1724 2691 1787 illius

486 1828 697 1903 postea
752 1825 1181 1903 meminerunt,
1237 1823 1502 1906 adjicere
1564 1840 1674 1903 par
1729 1826 1854 1899 est,
1907 1820 2281 1901 spartianum
2334 1821 2572 1901 quidem
2631 1824 2696 1886 in

485 1918 763 1983 Hadrian.
808 1921 916 1998 193
959 1922 1280 1985 Herodian.
1322 1922 1369 2000 Ι,
1414 1920 1509 1983 15.

656 2016 816 2080 Inter
858 2017 969 2083 hos
1011 2021 1190 2104 igitur
1234 2035 1414 2101 quum
1456 2019 1592 2081 data
1635 2018 1712 2080 sit
1747 2016 1942 2098 optio,
1994 2015 2072 2079 de
2111 2022 2248 2082 utro
2289 2015 2481 2096 possit
2519 2017 2692 2079 Lon-

489 2112 667 2196 ginus
711 2113 968 2198 dixisse,
1026 2119 1224 2184 statim
1268 2118 1499 2196 elucet,
1559 2116 1636 2178 de
1679 2117 1919 2182 colosso
1966 2116 2093 2198 jam
2135 2123 2244 2177 diu
2284 2115 2484 2178 deleto
2524 2117 2699 2179 Rho—-

490 2210 756 2292 diorum,
828 2216 1060 2282 etiamsi
1120 2215 1377 2280 maxime
1430 2214 1768 2280 celebratus
1825 2211 2003 2278 fuerit
2061 2231 2174 2293 per
2234 2219 2422 2276 totum
2484 2215 2696 2282 orbem

487 2315 817 2395 terrarum,
860 2332 984 2378 non
1034 2322 1160 2378 tam
1216 2316 1279 2377 in
1336 2315 1588 2376 transitu
1643 2313 1988 2394 simpliciter
2028 2312 2148 2374 dici
2183 2313 2454 2393 potuisse
2497 2311 2532 2378 ὁ
2581 2337 2692 2379 κο·

495 2404 783 2488 λοσσόςς
840 2415 950 2477 sed
980 2414 1307 2478 dicendum
1346 2413 1545 2495 potius
1590 2419 1719 2475 erat
1764 2410 1798 2477 ὁ
1842 2408 1974 2476 τὼν
2014 2407 2281 2487 Ῥοδίων
2329 2407 2695 2486 κολοσσὸς,

495 2507 778 2570 similiter.
875 2511 1154 2593 Accedit,
1226 2513 1388 2596 quod
1458 2513 1687 2577 Romae
1764 2513 2021 2594 scriptor
2081 2512 2306 2579 vixisse
2362 2512 2698 2594 librumque

496 2604 837 2671 confecisse
875 2610 1186 2692 videatur,
1245 2628 1362 2693 qua
1424 2612 1486 2673 in
1544 2608 1694 2673 urbe
1739 2607 2181 2684 ,,κολοσσο“ς“
2231 2609 2378 2674 κατ’
2439 2608 2697 2701 ἐξοχὴν

498 2702 642 2765 nihil
681 2706 867 2787 aliud,
919 2711 1032 2773 nisi
1076 2711 1336 2774 Neronis
1392 2711 1813 2788 simulacrum,
1876 2709 2148 2773 onmibus
2200 2718 2439 2791 notum,
2497 2712 2702 2777 haberi

498 2804 704 2882 potuit.
786 2807 1001 2889 Neque
1053 2812 1159 2892 jus
1214 2817 1308 2873 est
1357 2811 1688 2892 praeterire
1752 2828 2025 2873 caussam
2068 2816 2312 2873 nostrae
2363 2813 2702 2875 sententiae

497 2903 939 2980 gravissimam:
989 2906 1020 2973 ὁ
1066 2906 1432 2979 Κολοσσός
1476 2910 1633 2973 enim
1679 2910 1891 2972 dicitur
1933 2906 1965 2971 ὁ
2012 2906 2512 2990 ἡμαρτημένου
2559 2906 2702 2972 dum

499 2999 656 3060 enim
683 3002 895 3073 litteris
922 3010 1159 3090 graecis
1190 3009 1507 3089 latinisque
1538 3011 1814 3071 cotossus
1842 3005 2203 3067 Rhodiorum
2233 3008 2391 3070 inter
2420 3008 2700 3071 miracula

499 3110 740 3179 semper
780 3101 1181 3183 describatur,
1239 3113 1308 3167 ut
1350 3107 1451 3186 qui
1495 3106 1637 3165 nihil
1697 3107 1755 3165 in
1801 3122 1870 3165 se
1918 3102 2217 3181 habuerit,
2274 3105 2438 3185 quod
2483 3124 2697 3187 repre-

498 3194 677 3257 hendi
717 3200 1077 3279 potuisset‚‘
1110 3202 1369 3264 Neronis
1427 3204 1728 3265 colossum
1796 3221 1918 3265 non
1982 3222 2059 3266 ex
2121 3204 2394 3266 omnibus
2435 3204 2698 3286 partibus

501 3292 833 3359 absolutum
885 3288 1072 3361 fuisse
1114 3305 1348 3362 constat
1360 3303 1397 3377 ς·
1443 3308 1644 3363 narrat
1702 3302 1857 3364 enim
1911 3302 2161 3380 Plinius,
2224 3320 2403 3381 quum
2462 3302 2538 3365 de
2596 3304 2698 3367 illo

499 3393 880 3476 loqueretur,
935 3397 1119 3469 baec:
1186 3417 1300 3475 „ea
1340 3406 1532 3463 statua
1577 3400 1855 3464 indicavit
1897 3401 2173 3467 interisse
2219 3400 2502 3463 fundendi
2543 3404 2704 3467 aeris

501 3494 844 3574 scientiam,
917 3515 1049 3559 cum
1107 3503 1168 3558 et
1222 3495 1389 3559 Nero
1445 3498 1650 3581 largiri
1709 3519 1918 3563 aarum
1969 3505 2406 3580 argentumque
2459 3507 2708 3580 paratus

502 3599 667 3654 esset
708 3602 768 3656 et
809 3594 1157 3658 Zenodorus
1198 3594 1447 3658 scientia
1493 3596 1760 3678 fingendi
1800 3597 2188 3676 caelandique
2239 3597 2385 3658 nulli
2427 3606 2700 3660 veteram

503 3699 981 3772 postponeretur.
1078 3694 1338 3759 Statuam
1377 3693 1787 3758 Arvernorum
1848 3712 1980 3758 cum
2038 3696 2297 3772 faceret,
2355 3698 2703 3776 provinciae

504 3791 698 3853 Dubio
742 3791 922 3856 Avito
983 3793 1390 3875 praesidente,
1442 3793 1561 3856 duo
1621 3796 1832 3877 pocula
1879 3793 2189 3856 Calamidis
2231 3812 2407 3856 manu
2455 3796 2703 3873 caelata,

505 3908 661 3968 quae
705 3888 911 3954 Cassio
951 3892 1172 3971 Silano,
1218 3891 1513 3956 avunculo
1553 3895 1705 3977 ejuS,
1748 3893 2121 3974 praeceptori
2163 3910 2275 3955 suo
2318 3893 2705 3957 Germanicus

504 3989 726 4055 Caesar
763 3991 1029 4055 adamata
1062 3992 1406 4073 donaverat,
1451 3992 1779 4057 aemulatus
1823 3999 1935 4069 est,
1978 3999 2041 4055 ut
2082 3992 2182 4055 vix
2222 3991 2340 4055 ulla
2374 3990 2708 4057 differentia

503 4095 666 4149 esset
724 4092 882 4152 artis,
993 4094 1347 4171 Quantoque
1409 4091 1603 4173 iriajor
1664 4090 1720 4150 in
1779 4089 2094 4153 Zenodoro
2157 4090 2513 4171 praestantia
2575 4090 2706 4167 fuit,
