3017 4825
1342 344 1434 416 17

279 565 526 649 quidem
566 565 723 628 inest
776 561 929 625 libro
985 558 1130 645 περὶ
1197 554 1437 642 ὕψους
1458 608 1477 635 ,
1541 559 1773 623 etiamsi
1825 560 1954 642 ipsa
2003 572 2323 646 praecepta
2360 568 2480 632 ho-

280 667 532 730 nestatis
556 664 905 743 virtutisque
945 661 1020 722 ab
1063 666 1309 722 auctore
1354 666 1514 742 tanta
1559 678 1692 721 cum
1731 662 2059 723 severitate
2101 670 2162 725 et
2190 666 2483 745 gravitate

278 766 546 827 instituta
586 762 896 838 videntur,
957 766 1022 821 ut
1062 760 1215 821 liber
1252 758 1415 819 nullo
1459 759 1538 822 sit
1578 758 1841 821 deterior
1882 759 2190 824 habendus
2236 765 2480 845 antiquo

277 881 510 925 morum
550 879 743 942 paene
795 861 1023 941 rigore.
1123 857 1400 935 Denique
1459 863 1526 917 ut
1580 857 1713 919 finis
1768 858 1846 919 sit
1904 858 2083 941 hujus
2140 862 2480 942 scriptionis

274 979 451 1023 meae
488 959 833 1042 particulae,
874 962 1046 1017 recte
1080 954 1388 1036 judicasse
1430 953 1665 1015 videtur
1699 955 1774 1017 de
1810 955 1927 1018 hoc
1968 957 2103 1019 loco
2152 958 2338 1041 Toup.
2385 979 2478 1043 ap.

271 1059 609 1122 Weiskium
651 1059 713 1118 in
741 1061 867 1118 not.
912 1052 987 1116 ad
1027 1053 1083 1115 h.
1120 1053 1182 1129 l.,
1224 1053 1325 1135 qui
1368 1052 1517 1115 haec
1559 1054 1830 1116 exhibet:
1887 1056 2037 1133 „Qui
2078 1058 2255 1137 aliud,
2299 1078 2478 1141 quam

272 1158 355 1219 de
398 1166 698 1234 scriptove
739 1152 1111 1233 cogitarunt,
1173 1157 1235 1213 et
1273 1150 1372 1213 vel
1412 1151 1779 1213 nobilitatem
1836 1152 2022 1216 Mosis
2081 1156 2181 1217 vel
2218 1156 2478 1240 Longini

271 1252 775 1316 christianismum
831 1250 891 1310 in
948 1249 1040 1311 his
1097 1250 1557 1330 quaesiverunt,
1613 1251 1959 1312 necessario
2016 1254 2223 1335 nugati
2278 1259 2477 1319 sunt“.

272 1351 467 1413 Mosis
525 1349 706 1430 igitur
760 1348 1241 1410 commemoratio
1302 1364 1427 1410 non
1485 1354 1581 1410 est
1639 1347 2094 1428 impedimento,
2160 1355 2477 1432 quominus

274 1449 464 1510 misso
486 1448 758 1529 Longino
783 1447 1027 1510 rhetore
1054 1446 1279 1509 vixisse
1306 1447 1496 1527 primo
1529 1447 1773 1509 saeculo
1813 1453 2142 1512 statuamus
2181 1470 2475 1516 summum

270 1546 435 1608 illum
477 1546 667 1607 virum
708 1545 784 1609 de
823 1547 1109 1609 orationis
1149 1546 1509 1608 sublimitate
1547 1544 1959 1608 disserentem.

433 1644 799 1707 Postremam
870 1663 1139 1708 caussam
1158 1691 1176 1722 ,
1276 1663 1394 1724 qua
1468 1642 1730 1706 fortasse
1798 1644 2275 1708 adversariorum
2341 1648 2476 1729 quis

265 1743 518 1821 nitatur,
573 1745 705 1824 jam
748 1742 1000 1804 Wolfius
1039 1744 1172 1822 ipse
1190 1788 1207 1819 ,
1273 1742 1376 1822 qui
1418 1760 1551 1803 eam
1606 1742 1853 1822 protulit
1906 1743 2130 1821 primus
2191 1752 2475 1823 quantum

267 1840 436 1918 scio,
476 1839 803 1922 prostravit
840 1839 901 1900 in
941 1837 1247 1900 Analectis
1289 1838 1412 1899 suis
1457 1838 1632 1899 litter.
1676 1856 1731 1918 p.
1768 1837 1904 1898 526.
1947 1838 2084 1900 talia
2125 1840 2473 1919 perhibens:

273 1937 407 2014 „Ac
450 1936 627 1998 facile
671 1935 907 2016 quidem
948 1936 1126 2016 foret,
1169 1935 1494 1999 doctissimi
1537 1937 1649 1998 viri
1691 1937 2030 2017 opinionem
2071 1936 2148 2001 de
2180 1937 2477 2022 Augustei

270 2036 407 2098 aevi
451 2035 745 2116 scriptore
782 2035 1081 2115 refutare,
1145 2038 1198 2099 si
1255 2052 1465 2098 verum
1525 2042 1690 2098 esset
1746 2035 1822 2097 de
1865 2054 2020 2098 voce
2061 2035 2470 2125 ἀλληγορία,

270 2149 395 2196 non
452 2141 591 2196 ante
635 2134 925 2196 Plutarchi
978 2140 1232 2197 aetatem
1295 2141 1614 2216 usurpata,
1679 2133 2013 2197 Ruhnkenii
2061 2135 2349 2217 judicium
2410 2141 2471 2203 in

267 2232 488 2295 Timae.
549 2232 695 2294 Lex.
759 2251 818 2313 p.
864 2232 984 2295 144
1040 2230 1240 2316 (200)
1299 2234 1627 2315 prolatum,
1711 2252 1747 2295 a
1805 2234 2197 2315 pluribusque
2253 2237 2472 2301 deinde

268 2331 585 2413 repetitum
642 2331 1054 2414 firmatumque
1115 2340 1180 2395 ut
1242 2352 1278 2395 a
1333 2333 1616 2396 Fischero
1672 2332 1733 2395 in
1791 2331 2042 2394 Praesat.
2093 2332 2169 2394 ad
2207 2335 2471 2398 Demetr.

271 2452 342 2492 π.
388 2426 509 2514 ἑρμ
570 2448 629 2510 p.
673 2429 832 2492 vm:
887 2431 997 2494 sed
1047 2432 1144 2494 illa
1198 2432 1260 2493 in
1302 2449 1371 2493 re
1416 2432 1638 2493 erravit
1680 2430 1929 2493 Criticus
1983 2431 2127 2494 alias
2182 2434 2470 2497 conside-

269 2526 617 2605 ratissimus,
659 2526 960 2591 Ciceronis
1002 2529 1315 2592 immemor
1347 2529 1460 2606 sui,
1503 2527 1658 2608 apud
1701 2546 1879 2607 quem
1919 2527 2077 2593 idem
2116 2532 2472 2596 vocabulum

271 2624 362 2687 bis
404 2624 642 2706 legitur,
688 2626 847 2706 quod
885 2628 1075 2690 semel
1117 2628 1189 2690 ab
1222 2627 1324 2689 illo
1361 2626 1679 2707 scriptore,
1718 2625 2015 2705 Longino,
2056 2627 2313 2705 positum
2359 2638 2470 2694 est.

273 2724 561 2796 Quocirca
621 2724 726 2786 tibi
795 2725 908 2787 alia
966 2725 1178 2788 indicia
1237 2733 1412 2787 erunt
1467 2722 1850 2804 quaerenda“
1896 2729 2008 2785 etc.
2108 2724 2471 2797 Quibuscum

272 2823 443 2902 plane
504 2823 817 2885 consentio
878 2828 1059 2901 atque
1127 2821 1350 2883 addere
1420 2823 1561 2882 volo
1632 2821 1773 2881 nihil
1836 2821 1948 2881 nisi
2008 2822 2470 2906 Pseudolongini

274 2920 502 2998 locum,
549 2922 607 2982 in
652 2938 772 3001 quo
820 2919 1201 3006 ἀλληγορία
1244 2936 1369 2981 vox
1407 2918 1666 2997 legitur:
1709 2917 1815 2993 IX,
1856 2917 1929 2976 7:
1990 2916 2200 2981 Ἀλλὰ
2248 2924 2470 2985 ταῦτα

277 3016 540 3099 φοβερὰ
599 3018 743 3100 μέν·
796 3016 971 3099 πλὴν
1037 3018 1094 3081 εἰ
1147 3014 1236 3100 μὴ
1299 3013 1448 3078 κατ’
1520 3010 1937 3095 ἂλληγορὶον
2013 3010 2467 3094 λαμβάνοιτο,

275 3110 690 3176 παντάπασιν
738 3110 934 3187 ἄθεα,
986 3118 1095 3177 καὶ
1143 3111 1222 3178 οὐ
1260 3109 1565 3198 σώζοντα
1609 3108 1688 3173 τὸ
1733 3107 2021 3194 »resnou
2067 3118 2129 3172 et
2162 3111 2469 3179 Ciceronis

278 3207 478 3284 locoS,
541 3211 640 3287 qui
696 3218 835 3271 sunt
891 3211 1055 3273 Orat.
1115 3209 1216 3288 27,
1266 3209 1365 3271 94.
1424 3214 1491 3271 et'
1541 3207 1615 3271 ad
1657 3207 1775 3269 Att.
1823 3207 1905 3286 ll,
1946 3207 2062 3287 20,
2105 3208 2181 3289 3,
2254 3214 2469 3294 quibus

278 3302 634 3384 adjiciendus
676 3308 937 3368 Demetr.
976 3307 1131 3369 Phal.
1187 3308 1394 3368 nescio
1455 3324 1571 3387 qua
1630 3307 1881 3388 pagina:
1950 3307 2062 3370 νῦν
2122 3306 2194 3372 δὲ
2235 3309 2458 3397 ὥσπερ

284 3399 805 3487 συγκαλὺμμασι
851 3403 974 3468 τοῦ
1021 3405 1234 3486 λόγου
1283 3411 1362 3487 τῆ
1411 3403 1789 3488 ἂλληγορὶᾳ
1841 3402 2207 3490 κέχρηταις
2268 3429 2468 3489 neque

282 3499 658 3561 omittendum
705 3508 828 3580 est,
871 3502 1279 3581 Heraclidem,
1324 3503 1422 3583 qui
1466 3500 1675 3563 dicitur
1716 3502 2027 3578 Ponticus,
2071 3505 2215 3586 περὶ
2260 3502 2466 3588 ἀλλη-

281 3599 507 3676 γορίας
549 3597 920 3685 Ὁμηρικῆς
962 3601 1297 3681 scripsisse,
1342 3602 1442 3680 qui
1482 3600 1652 3678 liber,
1693 3599 1854 3680 quod
1894 3599 2037 3660 viris
2080 3599 2269 3664 doctis
2309 3620 2471 3665 nunc

282 3694 538 3774 videtur,
580 3697 722 3760 item
764 3700 956 3780 primo
1002 3719 1057 3781 p.
1102 3700 1235 3762 Chr.
1279 3700 1522 3762 saeculo
1565 3698 1932 3781 adjiciendus
1973 3699 2104 3761 erit.

429 3794 593 3857 Haec
644 3798 722 3875 ii,
781 3800 883 3878 qui
925 3799 1262 3881 Longinum
1304 3799 1717 3881 Palmyrenum
1759 3828 1840 3841 —-
1880 3796 2290 3876 Palmyrenum
2334 3792 2467 3854 dico

281 3908 379 3969 per
435 3892 969 3975 breviloquentiam
1033 3917 1065 3960 a
1121 3899 1470 3981 Palmyrena
1540 3899 1672 3979 ejus
1734 3893 2199 3954 commoratione
2257 3896 2319 3951 et
2371 3892 2471 3953 in-

284 3988 448 4049 teritu
502 4024 585 4036 —-
639 3993 952 4074 scripsisse
1025 3996 1237 4058 librum
1297 3996 1549 4070 volunt,
1636 3991 1735 4052 vel
1796 3990 1994 4051 solent
2072 3987 2170 4049 vel
2228 3988 2471 4051 omnino

283 4092 521 4165 possunt
561 4088 836 4167 proferre
882 4093 947 4153 in
992 4111 1162 4156 suum
1205 4092 1579 4156 commodum
1641 4098 1703 4152 et
1757 4087 1830 4151 ad
1891 4104 2057 4149 suam
2119 4088 2473 4149 sententiam

2043 4197 2084 4261 2
