3017 4825
1556 337 1658 411 28

675 558 871 632 Quae·
900 574 1086 638 quum
1160 555 1245 618 ita
1325 553 1479 633 sint,
1558 550 1894 616 Rulmkenii
1955 556 2370 634 argumentum
2390 593 2409 629 ‚
2491 548 2702 613 librum

511 661 781 720 nostrum
847 656 1036 722 fuisse
1102 655 1453 737 particulam
1525 652 1969 734 Philologorum
1991 697 2009 729 ,
2095 651 2207 715 etsi
2281 649 2703 728 concedamus,

509 772 725 817 versus
748 755 924 840 'apud
964 753 1509 835 Pseudolonginum
1549 770 1630 814 ex
1670 750 1938 832 Orithyia
1974 748 2258 831 Aeschyli
2302 767 2463 827 esse,
2504 755 2704 811 tamen

511 854 803 933 concidit,
885 872 1066 936 quum
1120 853 1376 933 scriptor
1430 847 1580 937 περὶ
1637 845 1878 930 ὕψους
1923 866 2177 930 prorsus
2233 849 2409 910 aliam
2462 865 2710 911 scenam

510 950 861 1032 tragoediae
900 952 963 1013 in
992 957 1193 1014 mente
1220 949 1513 1027 habuerit,
1557 966 1733 1029 quam
1766 964 2088 1034 germanus
2112 947 2443 1029 Longinus,
2481 963 2707 1027 qaum-

512 1066 632 1129 que
674 1050 774 1114 ille
814 1051 873 1114 in
916 1051 1275 1114 recensione
1311 1065 1596 1112 versuum
1640 1046 1782 1109 iliud
1819 1064 1900 1109 ne
1924 1046 2115 1108 verbo
2141 1046 2379 1126 quidem
2412 1052 2710 1123 moneret,

513 1146 674 1227 quod
718 1165 852 1214 eum
892 1149 955 1211 in
979 1147 1284 1230 Aeschylo
1307 1145 1771 1228 reprehendisse
1793 1144 2101 1207 contendit
2117 1145 2384 1208 Joannes
2409 1143 2704 1208 Siceliota.

511 1243 687 1319 Quod
726 1253 925 1310 autem
963 1246 1354 1312 Ruhnkenius
1392 1251 1708 1326 praeterea
1756 1243 1834 1305 de
1873 1244 2025 1305 libro
2059 1240 2214 1325 περὶ
2260 1242 2706 1321 Ξενοφῶντος

509 1344 742 1424 profert
756 1388 774 1422 ,
828 1345 931 1425 qui
990 1344 1147 1408 idem
1198 1343 1383 1406 fuerit
1437 1343 1723 1423 particula
1764 1342 2202 1424 Philologorum
2221 1385 2239 1419 ,
2295 1344 2357 1403 in
2410 1339 2528 1402 hoc
2568 1338 2705 1401 mihi

511 1448 637 1506 toto
679 1443 852 1507 coelo
899 1462 935 1506 a
975 1444 1230 1505 veritate
1271 1442 1587 1506 aberrasse
1629 1440 1895 1515 videtum
1939 1441 2040 1520 qui
2084 1440 2239 1502 enim
2281 1436 2427 1521 περὶ
2467 1432 2707 1518 ὕψους

508 1540 782 1620 scripsit,
845 1547 1051 1621 aperte
1093 1541 1458 1623 singularem
1515 1539 1577 1601 in
1629 1546 1832 1602 mente
1890 1539 2069 1601 habet
2123 1538 2352 1602 librumr
2377 1536 2454 1598 de
2493 1536 2710 1598 Xeno-

507 1636 732 1718 phonte
774 1638 1155 1718 confectum,
1213 1640 1266 1703 si
1322 1638 1495 1702 dicit:
1561 1634 1654 1707 ὡς
1699 1632 1825 1722 κᾷν
1878 1636 2027 1706 τοῖς
2068 1631 2216 1719 περὶ
2262 1635 2704 1716 Ξενοφῶντος

510 1728 919 1819 ὡρισάμεθα.

671 1831 869 1908 Quare
924 1839 989 1895 ut
1043 1834 1170 1914 jam
1230 1832 1548 1897 redeamus
1611 1831 1687 1898 ad
1729 1850 1862 1895 eam
1880 1879 1899 1911 ,
1964 1830 2125 1894 unde
2181 1831 2435 1912 profecti
2479 1850 2704 1911 sumuS,

507 1928 983 2011 disputationem,
1027 1950 1208 2012 quum
1254 1951 1454 2014 neque
1491 1933 1648 1996 ullus
1694 1951 1772 1994 ex
1795 1931 2180 2013 scriptoribus
2205 1933 2463 2012 antiquis
2492 1934 2704 1995 librum

507 2025 654 2108 περὶ
703 2024 943 2110 ὕψους
997 2049 1091 2093 ne·
1131 2031 1319 2094 verbo
1375 2031 1619 2112 quidem
1662 2037 2218 2096 commemoraverrt
2273 2030 2431 2092 inter
2486 2033 2706 2113 scripta

508 2125 787 2208 Longini,
827 2145 1028 2207 neque
1069 2131 1191 2191 ullo
1227 2131 1389 2211 Jure,
1435 2129 1595 2210 quod
1637 2130 1824 2194 critici
1863 2130 2136 2192 homines
2179 2130 2533 2193 recentioris
2571 2132 2704 2194 aevi

505 2225 825 2304 volebant,
878 2219 1030 2290 liber
1070 2229 1357 2308 particula
1395 2229 1840 2309 Philologorum
1880 2228 2136 2309 Longini
2161 2246 2320 2290 esse
2355 2230 2578 2309 possit,
2636 2238 2704 2293 ut

503 2330 626 2386 hac
668 2322 744 2388 de
784 2342 1000 2396 caussa
1042 2343 1339 2406 nusquam
1397 2328 1476 2390 sit
1531 2331 1928 2404 memoratuS,
1984 2327 2111 2408 jam
2152 2345 2430 2408 magnum
2476 2328 2706 2392 accedit

504 2424 830 2491 subsidium
867 2428 1202 2491 sententiae
1242 2427 1478 2490 illorum
1496 2473 1515 2507 ‚
1561 2428 1662 2508 qui
1702 2427 1979 2509 Longino
2019 2427 2076 2489 N
2078 2428 2454 2509 eoplatonico
2488 2428 2703 2491 librum

504 2526 747 2589 omnino
774 2524 1141 2607 abjudicant.
1492 2582 1499 2585 c
1637 2519 1644 2524 ’
1909 2580 1916 2583 ,

666 2621 944 2704 Antiquis
980 2625 1165 2706 igitur
1214 2624 1427 2688 litteris
1491 2642 1787 2705 nusquam
1841 2631 2142 2687 servatum
2198 2631 2294 2686 est
2351 2643 2430 2687 ne
2481 2643 2702 2689 nomen

504 2720 742 2802 quidem
783 2723 916 2785 libri
955 2719 1101 2807 περὶ
1151 2720 1419 2804 {idaeus-3
1460 2742 1581 2785 una
1618 2729 1853 2801 autem,
1907 2741 2065 2803 quae
2102 2723 2379 2804 Longino
2420 2723 2700 2804 fortasse,

501 2819 613 2885 sed
669 2841 750 2885 ne
811 2839 884 2883 ea
940 2821 1180 2902 quidem
1238 2829 1407 2885 certo
1425 2869 1444 2901 ,
1514 2823 1727 2887 librum
1779 2823 2036 2900 asserit,
2098 2822 2401 2903 inscriptio
2458 2822 2699 2902 codiciS,

504 2916 705 3002 (quod
746 2921 865 3005 jam
904 2938 1086 3001 supra
1126 2939 1229 3003 pg.
1267 2921 1308 2983 6
1355 2929 1418 2985 et
1456 2920 1515 2984 7.
1556 2921 1905 3003 docuimus)
1967 2910 2099 2985 fere
2153 2921 2369 2984 nullius
2429 2928 2522 2984 est
2562 2939 2701 2985 mo-

499 3020 723 3098 menti,
758 3037 959 3101 quum
1014 3021 1217 3083 titulus
1273 3022 1375 3083 ille
1435 3021 1658 3083 codicis
1703 3021 1833 3081 Par.
1877 3038 1914 3081 a
1955 3036 2133 3081 manu
2173 3021 2512 3082 recentiore
2555 3038 2702 3084 sae-

499 3119 616 3181 culi
650 3119 711 3180 X
733 3117 802 3200 ¹)
859 3119 1168 3199 profectus
1218 3120 1312 3180 sit.
1432 3117 1686 3180 Accedit
1739 3117 1799 3179 id
1823 3164 1842 3196 ,
1906 3117 2068 3197 quod
2123 3118 2300 3181 etiam
2357 3136 2514 3181 unus
2563 3120 2698 3182 cod.

496 3216 875 3279 Florentinus
933 3218 1208 3299 Longino
1266 3217 1481 3279 librum
1532 3217 1849 3280 manifeste
1908 3217 2197 3300 derogat,
2251 3218 2700 3299 inscriptionem

495 3331 643 3395 prae
680 3331 768 3376 -se
823 3313 1060 3377 ferens:
1115 3313 1501 3397 Ἀνωνὺμου
1560 3312 1706 3398 περὶ
1766 3312 2000 3397 ὕψους
2020 3337 2040 3391 ;
2097 3334 2251 3396 quae
2293 3335 2456 3394 eam,
2520 3336 2698 3398 quam

498 3412 682 3475 multo
743 3418 920 3475 antea
982 3413 1334 3493 protulimus
1394 3414 1748 3476 sententiam
1765 3460 1783 3492 ,
1854 3415 2106 3495 egregie
2161 3414 2385 3492 firmat,
2455 3415 2700 3478 codices

495 3511 698 3591 ipsos,
760 3529 940 3593 quum
982 3529 1195 3575 omnes
1253 3531 1333 3574 ex
1372 3513 1638 3576 Parisino
1697 3513 2003 3576 derivandi
2055 3515 2209 3591 sint,
2273 3515 2374 3594 qui
2427 3515 2557 3595 ipse
2620 3514 2699 3577 de

495 3616 746 3674 auctore
805 3611 1209 3674 commentarii
1277 3609 1548 3690 dubitet,-
1615 3629 1738 3674 non
1806 3629 1991 3693 posse
2051 3613 2197 3674 certi
2271 3612 2412 3692 quid
2470 3621 2571 3675 aut
2635 3615 2697 3675 in

494 3715 766 3773 nostrum
808 3709 1185 3772 commodum
1229 3717 1330 3773 aut
1369 3714 1429 3773 in
1472 3710 1914 3774 incommodum
1947 3711 2260 3773 exhibere.

656 3811 863 3873 Restat
902 3809 1190 3891 particula
1232 3809 1643 3892 disputationis
1701 3817 1946 3874 nostrae
2005 3809 2161 3872 haud
2216 3810 2515 3874 levissima
2535 3858 2553 3891 ,
2620 3830 2698 3874 ea

634 4130 690 4194 1)
733 4126 817 4181 01.
851 4142 1021 4197 supra
1057 4145 1150 4198 με.
1188 4133 1234 4185 6.
1274 4126 1723 4197 scriptoremque
1747 4123 1840 4179 ibi
1877 4123 2138 4181 accitum.
