3017 4825
1393 361 1486 430 55

1527 463 1639 471 ---——

337 580 664 660 Tempore,
725 595 846 659 quo
905 573 1212 656 Longinus
1263 573 1732 656 Neoplatonicus
1794 574 2025 658 floruit,
2084 575 2226 638 nihil
2280 575 2536 657 ineptius

334 676 583 754 fuisset,
638 695 813 757 quam
873 676 1149 738 amissam
1210 674 1542 736 libertatem
1605 674 1787 736 multa
1842 674 2055 755 lugere
2105 674 2537 737 vociferatione

335 782 515 856 atque
571 777 648 838 de
705 776 902 857 inopia
960 781 1265 836 oratorum
1322 775 1746 852 praestantium
1798 774 1985 835 verba
2047 772 2249 836 facere
2271 819 2287 851 ,
2352 791 2535 853 quum

335 890 454 935 non
494 874 775 938 adessent
811 892 915 938 res
979 889 1349 950 caussaeque
1406 878 1468 932 et
1521 873 1800 952 negotia,
1861 889 2017 952 quae
2065 872 2140 934 ab
2198 873 2533 934 oratoribus

335 972 903 1049 administrarentur,
948 987 1105 1049 quae
1147 968 1591 1049 adjuvarentur,
1635 985 1789 1047 quae
1829 969 1902 1030 ad
1943 985 2297 1051 prosperum
2337 987 2531 1049 usque

336 1072 556 1133 exitum
576 1071 1046 1134 absolverentur.
1093 1065 1517 1128 Controversia
1541 1073 1634 1127 est
1660 1066 1818 1128 inter
1835 1068 1999 1129 viros
2022 1067 2254 1144 doctOS,
2299 1087 2438 1129 num
2460 1085 2528 1129 re

333 1187 478 1231 vera
501 1166 888 1248 philosophus
916 1165 1381 1246 temporis‘illius
1410 1165 1606 1226 omnia
1635 1164 1785 1226 haec
1807 1163 2175 1244 disseruerit,
2215 1167 2533 1229 finxeritne

335 1266 446 1327 sibi
489 1272 699 1327 auctor
742 1264 997 1345 aliquem
1015 1310 1033 1341 ,
1091 1264 1186 1327 oui
1240 1269 1486 1345 propter
1526 1262 1900 1343 imperatoris
1941 1262 2288 1342 Vespasiani
2332 1264 2548 1326 odiunt

334 1365 397 1424 in
438 1363 763 1442 sapientiae
802 1362 1084 1425 doctores
1125 1362 1390 1425 traderet
1428 1355 1732 1441 loquentis
1755 1368 1974 1442 partes.
2059 1361 2231 1433 Quod
2275 1363 2384 1424 etsi
2421 1381 2532 1442 per

338 1479 407 1523 se
448 1461 660 1522 summi
705 1459 862 1523 foret
903 1463 1216 1540 momenti,
1279 1462 1330 1524 si
1373 1468 1584 1542 posset
1624 1479 1846 1523 nomen
1884 1460 2216 1541 philosophi
2259 1461 2333 1522 ab
2374 1460 2535 1523 ohli-

337 1559 517 1621 vione
571 1559 892 1639 vindicari,
973 1566 1173 1623 tamen
1236 1559 1511 1640 equidem
1583 1560 1646 1621 in
1719 1561 2098 1640 conjecturas
2161 1557 2544 1622 descendere·

338 1659 553 1733 noiim3
622 1676 983 1739 quamquam
1039 1661 1171 1740 ipse
1232 1676 1355 1721 non
1410 1660 1693 1721 ⁴ficticium
1755 1659 2085 1739 quendam,
2149 1657 2260 1722 sed
2322 1677 2534 1722 verum

335 1763 512 1837 atque
552 1757 656 1820 iilo
713 1765 991 1838 tempore
1045 1760 1346 1820 viventem
1399 1759 1815 1837 philosophum
1857 1758 2007 1818 haec
2049 1756 2380 1837 disputasse
2420 1775 2532 1838 pro

333 1860 503 1915 eei-to
543 1856 815 1931 sentiam,
857 1856 1029 1936 cujus
1061 1861 1259 1917 tamen
1300 1869 1522 1917 nomen
1552 1860 1779 1930 auctor,
1825 1872 1902 1915 ne
1944 1855 2164 1915 homini
2206 1855 2533 1934 periculum

333 1952 475 2014 inde
516 1953 723 2032 capitis
764 1953 1087 2030 existeret,
1130 1967 1253 2015 non
1296 1953 1603 2033 aperiebat
1643 1951 1972 2015 lectoribus
2010 1952 2151 2013 suis.
2238 1950 2356 2014 Sed
2396 1953 2533 2031 hoc,

335 2050 534 2129 quoad
575 2052 831 2112 certiora
875 2050 1166 2131 quaedam
1205 2054 1435 2133 prolata
1483 2058 1689 2130 erunt,
1753 2052 1815 2112 in
1855 2052 2324 2133 uniuscujusque
2367 2052 2533 2112 arbi—

330 2156 487 2211 tratu
528 2150 913 2230 relinquatur.

496 2246 617 2311 Sed
652 2249 777 2328 jam
819 2255 1124 2312 vertamus
1166 2247 1241 2311 ad
1300 2247 1553 2329 singula.
1659 2246 1794 2328 Age
1847 2245 2193 2326 incipiamus
2250 2243 2534 2309 sec‘tionis

332 2345 531 2408 XLIV.
568 2345 894 2427 principio:
960 2344 1271 2420 .,Ἐκεῖνο
1315 2346 1544 2430 μέντοι
1605 2340 1965 2409 λοιπὸν...
2033 2339 2193 2432 ὅπερ
2254 2341 2533 2430 ἐζήτησὲ

335 2468 441 2513 τις
510 2448 641 2509 τῶν
720 2442 1133 2524 φιλοσόφων
1221 2445 1746 2526 προςέναγχος,
1837 2442 2131 2526 ,,Θαῦμα
2197 2441 2263 2526 μ’
2306 2439 2532 2528 ἕχει“,

336 2543 576 2626 λέγων.
628 2535 771 2614 „ebs
817 2539 1049 2624 ἀμέλει
1096 2534 1205 2604 καὶ
1251 2538 1523 2624 ἑτέρους
1568 2535 1913 2611 πολλοὺς,
1962 2540 2106 2608 πῶς
2140 2562 2308 2605 ποτε
2355 2543 2536 2605 κατὰ

334 2636 451 2702 τὸν
501 2636 819 2722 ἡμέτερον
865 2639 1071 2701 αἰῶνα
1113 2634 1396 2704 πιθαναὶ
1439 2636 1558 2720 μὲν
1614 2632 1709 2700 ἐπ’
1755 2629 1963 2720 ἄκρον
2011 2634 2120 2698 καὶ
2161 2635 2537 2714 πολιτικαὶ,

338 2736 623 2821 δριμεῖαί·
685 2760 760 2799 τε
844 2732 953 2799 καὶ
1032 2733 1411 2819 ἐντρεχεῖς,
1494 2731 1606 2797 καὶ
1679 2730 1977 2818 μάλιστα
2053 2728 2226 2816 πρὸς·
2296 2732 2539 2817 ἣδονάς

339 2833 561 2914 λόγων
608 2826 933 2917 εὕφοροι,
996 2827 1268 2915 ὑψηλαὶ
1315 2830 1383 2895 δὲ
1424 2829 1577 2895 λίαν
1626 2826 1734 2894 καὶ
1795 2825 2303 2915 ὑπερμεγέθεις,
2360 2830 2537 2912 πλὴν

339 2932 396 2995 εἰ
440 2931 528 3008 μί)
564 2954 628 2992 τι
658 2929 984 3010 σπάνιον,
1067 2926 1297 2995 οὐκέτι
1354 2930 1654 3010 γίνονται
1710 2924 2030 3007 φύσεις“.
2149 2929 2376 2992 Eadem
2447 2939 2542 2992 est

338 3028 523 3093 Taciti
554 3029 616 3091 iu
639 3028 875 3110 dialogo
905 3029 1218 3103 mata-iem
1263 3026 1495 3105 eadem,
1539 3043 1694 3107 quae
1728 3024 2077 3105 philosopho
2095 3026 2196 3102 illi,
2240 3026 2538 3091 Messalae

335 3128 488 3190 ratio
518 3126 625 3189 has
657 3145 758 3189 res
793 3144 1159 3207 caussasque
1192 3132 1516 3207 corruptae
1551 3123 1928 3204 eloquentiae
1959 3123 2346 3203 exponendiz·
2364 3131 2540 3188 uter-—

341 3243 458 3304 que
501 3226 656 3286 enim
719 3230 968 3305 propter
1010 3226 1284 3287 amissam
1336 3226 1672 3286 libertatem
1722 3222 2201 3303 depravatosque
2239 3223 2537 3287 hominum

343 3340 540 3385 mores
581 3322 914 3401 contendit,
968 3330 1247 3386 oratores
1289 3330 1390 3385 aut
1418 3325 1676 3386 omnino
1712 3323 1986 3385 homines
2020 3324 2251 3388 sublimi
2291 3323 2540 3406 ingenio

312 3420 638 3503 ,praeditos
679 3438 792 3482 suo
838 3422 1081 3483 saeculo
1140 3421 1406 3483 existere
1465 3439 1589 3482 non
1645 3438 1845 3501 posse.
1906 3420 2031 3504 (Cf.
2080 3422 2227 3483 Dial.
2267 3421 2383 3494 28;
2445 3422 2538 3484 De

336 3520 489 3583 subl.
528 3519 732 3596 XLIV,
774 3516 871 3602 2).
957 3518 1116 3583 Sect.
1158 3520 1343 3600 igitur
1381 3517 1582 3580 XLIV.
1644 3521 1702 3595 §.
1746 3520 1800 3580 2.
1859 3520 2235 3599 praecipuam
2269 3536 2541 3582 caussam

337 3624 657 3699 corruptae
716 3617 1095 3696 eloquentiae
1151 3618 1233 3681 in·
1271 3617 1486 3679 amissa
1527 3617 1801 3680 libertate
1853 3617 2054 3696 ponit,
2108 3635 2281 3696 quam
2341 3625 2539 3681 tamen

336 3716 692 3781 sententiam
759 3733 881 3778 non
945 3724 1011 3781 ut
1084 3733 1253 3780 suam
1320 3732 1500 3778 ausus
1576 3723 1671 3779 est
1727 3715 2117 3796 pronuntiare
2136 3763 2153 3794 ,
2245 3724 2539 3795 metuens,

338 3816 403 3877 ni
444 3814 653 3892 fallor,
713 3813 988 3878 invidiam
1043 3814 1409 3895 insidiasque
1467 3815 1828 3895 principum,
1898 3814 2154 3876 maxime
2194 3815 2542 3895 Vespasiani

339 3921 482 3976 tunc
523 3913 833 3995 regnantis
856 3960 873 3992 ,
940 3934 1117 3995 quem
1170 3916 1297 3996 jam
1338 3930 1519 3994 supra
1562 3912 1697 3994 (pg.
1741 3911 1879 3994 59.)
1922 3912 2198 3975 liberales
2241 3910 2317 3973 de
2360 3912 2542 3976 rebus

340 4011 593 4092 publicis
660 4010 1136 4079 administrandis
1204 4012 1515 4095 opiniones
1592 4011 1928 4092 aegerrime
2001 4011 2208 4073 tulisse
2269 4009 2543 4092 diximus,

340 4109 729 4189 quamobrem
817 4099 941 4191 „Q
1022 4108 1098 4191 νὴ
1165 4109 1353 4186 Δι”“,
1439 4112 1555 4189 ait,
1635 4107 2076 4186 ,araurem-{ov
2155 4106 2376 4191 ἐκείνῳ
2443 4118 2542 4193 τῷ
