3017 4825
1575 357 1670 428 52

1427 461 1806 470 ———-—————--

520 578 579 638 in
625 579 796 638 unius
826 574 889 659 ¹)
932 572 1247 638 voluminis
1288 573 1614 654 angustias,
1659 588 1805 650 quas
1847 572 2084 635 inscribi
2127 572 2350 644 voluit:
2392 574 2467 636 de
2515 575 2722 655 liguris

517 674 942 736 sententiarum
996 680 1059 734 et
1116 671 1485 736 elocutionis
1586 669 1800 749 Neque
1851 687 2000 732 vero
2040 671 2388 742 mitte-ndum
2435 681 2560 750 est,
2622 674 2721 735 di—

515 773 808 834 visionem
850 772 1007 833 illam
1053 771 1111 831 in
1157 770 1292 850 ejus
1347 769 1498 830 libro
1557 786 1680 829 non
1719 783 1959 849 semper
2000 768 2254 832 dilucide
2299 789 2369 831 ac
2412 771 2723 848 manifeste

516 872 746 933 servari
791 877 852 934 et
887 870 962 933 ad
1004 868 1182 931 smem
1219 884 1413 947 usque
1454 867 1721 944 retineri,
1763 883 1945 947 quum
1974 869 2333 934 misceantur
2375 886 2494 931 non
2540 870 2721 932 modo

518 971 729 1046 semel,
772 967 881 1031 sed
924 968 1273 1050 plerumque
1317 966 1744 1028 sententiarum
1788 984 1857 1027 ac
1889 968 2210 1030 verborum
2245 967 2491 1047 figurae.
2553 968 2724 1041 Quae

517 1070 569 1133 si
635 1067 973 1150 diligentius
1045 1062 1585 1144 circumspiciamus
1609 1110 1627 1140 ,
1694 1064 2076 1145 intelligitur,
2157 1063 2344 1127 fuisse
2403 1066 2724 1145 aliquando

517 1174 786 1248 tempus,
873 1183 993 1246 quo
1057 1165 1223 1226 varie
1280 1163 1622 1243 peritissimi
1688 1164 1947 1225 virorum
2010 1163 2320 1227 doctorum
2392 1165 2469 1227 de
2538 1165 2726 1228 hacce

522 1265 935 1329 distributione
975 1263 1338 1328 schematum
1385 1261 1747 1340 iudicarent;
1805 1263 1968 1343 atqui
2017 1264 2312 1334 stabilitur
2366 1264 2484 1325 hoc
2525 1264 2724 1337 Ouin-

517 1365 701 1427 tiliani
758 1364 994 1440 verbis,
1055 1363 1156 1441 qui
1214 1361 1529 1424 manifeste
1583 1361 1737 1424 libro
1778 1361 1874 1423 IX.
1938 1381 2027 1443 cp.
2075 1360 2232 1446 12]
2267 1365 2560 1426 certiores
2607 1381 2723 1425 nos

518 1464 696 1542 facit,
798 1481 908 1543 per
985 1462 1222 1542 longius
1298 1461 1586 1540 temporis
1670 1461 1922 1540 spatium
1997 1461 2328 1530 haesitasse
2398 1463 2726 1544 figurarum

520 1564 865 1643 scriptoreS,
910 1579 1052 1623 num
1095 1561 1250 1623 illam
1291 1560 1543 1622 aliamne
1585 1559 1928 1641 praeferant
1958 1560 2309 1624 divisionem
2339 1562 2722 1624 schematum.

521 1661 722 1740 Atque
762 1661 880 1722 hoc
920 1661 1052 1740 ipso
1099 1666 1389 1738 tempore,
1434 1661 1607 1741 cujus
1649 1659 1815 1724 initio
1841 1666 2156 1740 praeterea
2185 1660 2434 1722 Rntilius
2479 1677 2724 1739 quoque

524 1758 887 1822 asserendus
931 1765 1050 1836 est,
1092 1759 1318 1820 vixisse
1359 1759 1683 1821 verisimile
1727 1765 1820 1820 est
1859 1766 2128 1822 nostrum
2169 1761 2558 1839 scriptorem,
2623 1759 2728 1837 qui

519 1857 798 1939 pernovit
840 1856 1076 1937 quidem
1123 1857 1476 1919 elocutionis
1517 1863 1582 1917 et
1636 1873 1853 1918 sensus
1895 1857 2121 1937 figuras
2179 1875 2380 1936 neque
2421 1864 2620 1919 tamen
2663 1859 2722 1918 in

520 1957 614 2033 iiS,
659 1974 814 2035 quae
843 1962 1111 2016 octavam
1153 1960 1506 2034 sequuntur,
1551 1954 1938 2032 sectionibus,
1983 1971 2161 2035 quum
2193 1961 2586 2034 pertractaret
2617 1956 2724 2017 has

521 2071 654 2131 reS,
722 2054 878 2116 illam
934 2053 1305 2131 divisionem,
1358 2069 1482 2118 non
1524 2054 1772 2134 amplius
1814 2073 1847 2116 a
1889 2071 1959 2116 se
1998 2061 2402 2130 memoratam,
2440 2053 2724 2116 adhibere

525 2158 789 2214 conatur.
873 2150 1038 2232 Ergo
1103 2150 1252 2214 haec
1302 2168 1549 2231 quoque
1592 2153 2001 2216 controversia
2043 2169 2165 2213 non
2207 2151 2556 2232 perfringit,
2611 2152 2723 2215 sed

525 2252 701 2314 etiam
742 2248 959 2314 stabilit
991 2249 1278 2330 judicium
1308 2257 1614 2329 nostrum,
1656 2250 1818 2330 quod
1851 2250 2047 2313 medio
2083 2251 2274 2331 primo
2317 2252 2585 2328 saeculo,
2623 2251 2724 2314 ubi

522 2348 880 2411 fluctuat-unt
913 2350 1176 2410 virorum
1208 2346 1523 2410 doctorum
1566 2347 1642 2410 de
1685 2348 1999 2413 luminibus
2042 2349 2327 2415 orationis
2369 2350 2726 2429 sententiae,

522 2449 736 2513 librum
778 2447 855 2510 de
895 2448 1251 2513 sublimitate
1291 2449 1575 2529 scriptum
1616 2455 1908 2530 putemus.

690 2546 973 2609 Venimus
1035 2546 1108 2607 ad
1163 2546 1273 2609 alia
1326 2549 1573 2611 minoris
1639 2547 1920 2611 momenti
1986 2552 2367 2629 argumenta,
2445 2566 2600 2628 quae
2662 2547 2724 2607 in

524 2652 872 2708 transcursu
917 2642 1264 2708 disserenda
1307 2653 1475 2725 sunt,
1517 2654 1586 2708 ut
1627 2653 1892 2709 nostram
1938 2647 2128 2728 magis
2168 2646 2530 2709 stabiliamus
2575 2663 2725 2706 sen-

526 2746 785 2806 tentiam.
899 2742 1099 2825 Atque
1155 2744 1404 2824 primum
1475 2751 1602 2822 est,
1678 2747 1848 2827 cujus
1906 2746 2099 2808 obiter
2148 2746 2275 2826 jam
2332 2743 2723 2822 meminimuS,

528 2862 706 2921 quum
753 2842 829 2903 de
865 2839 1182 2902 Ammonio
1242 2840 1668 2924 disputavimus
1714 2841 1825 2926 (cf.
1871 2862 1967 2927 pg.
2014 2840 2166 2924 12.)
2268 2841 2504 2904 Certum
2566 2844 2722 2905 enim

672 3130 725 3192 1)
768 3126 972 3181 Rutilii
1010 3143 1184 3195 opus,
1223 3129 1390 3195 quale
1429 3142 1572 3177 nunc
1607 3131 1714 3185 est,
1752 3132 1965 3179 comta(
2004 3142 2071 3177 ex
2108 3126 2324 3181 duobus
2361 3126 2541 3179 libris.
2591 3127 2726 3179 dum

531 3210 774 3279 Quintil.
794 3212 833 3264 1.
855 3211 890 3265 l.
930 3211 1093 3263 illum
1129 3228 1297 3263 unum
1334 3218 1549 3269 tautum
1589 3209 1962 3278 campanili-ne
1996 3210 2201 3274 trudit3
2242 3228 2413 3278 quare
2434 3210 2725 3265 Ruhnken.

525 3295 583 3346 in
624 3296 800 3362 praef.
836 3295 904 3346 nd
947 3294 1125 3349 Rutil.
1170 3312 1223 3362 p.
1265 3295 1396 3346 xv!
1434 3311 1556 3361 sqq.
1603 3294 1740 3358 jure
1785 3297 2219 3355 ‹toneluditnon
2270 3296 2562 3365 integrum
2604 3313 2726 3347 ser-

527 3386 722 3430 vatum
759 3395 879 3431 ense
918 3378 1271 3431 Rutilianum
1311 3379 1805 3444 commentarium,
1843 3381 2171 3449 praesertim
2215 3396 2386 3449 quium
2424 3381 2620 3450 Quint.
2661 3398 2726 3435 ex

526 3479 595 3514 eo
630 3463 894 3514 nonnulla
931 3461 1155 3524 laudet,
1194 3480 1340 3531 quae
1376 3464 1560 3517 adhuc
1596 3481 1701 3516 non
1739 3466 2020 3533 leguntur.

666 3551 725 3602 2)
762 3547 960 3614 Quint.
997 3547 1122 3601 inst.
1157 3566 1237 3600 or.
1278 3549 1371 3603 ΙΧ.
1411 3567 1493 3617 cp.
1535 3561 1577 3604 1.
1617 3566 1669 3618 p.
1707 3555 1825 3607 635.
1862 3552 1949 3604 ed.
1988 3551 2165 3620 Lugd.
2208 3550 2331 3604 nat.
2407 3552 2504 3603 Eat
2534 3560 2721 3604 autem

525 3649 632 3685 nou
669 3632 963 3685 mediocris
997 3633 1146 3689 iuter
1181 3644 1438 3689 auctore·
1494 3635 1798 3697 dissensio,
1851 3646 1909 3689 et
1961 3653 2105 3704 queo
2157 3636 2245 3689 vis
2296 3635 2530 3687 nominis
2577 3636 2726 3700 ejus,

525 3726 585 3770 et.
616 3723 755 3784 quot
785 3732 1011 3783 genera,
1050 3726 1108 3770 et
1140 3736 1283 3786 qnae
1315 3736 1487 3786 quam
1516 3721 1842 3789 multaeque
1878 3719 1989 3775 nint
2021 3719 2253 3788 aprutien.
2325 3740 2377 3788 p.
2417 3725 2537 3777 637.
2575 3719 2727 3775 Inter

525 3801 795 3871 plurimus
830 3801 974 3855 enim
1016 3805 1159 3869 quod
1197 3804 1402 3870 ocium,
1454 3822 1783 3859 consensum
1840 3813 1926 3859 eet
1979 3806 2115 3858 dita·
2164 3806 2287 3869 ejus
2340 3823 2459 3859 esse
2501 3812 2722 3871 purten:

523 3888 779 3947 διανοίας,
837 3885 891 3935 id
946 3896 1032 3939 ent
1087 3889 1323 3952 mentio,
1384 3890 1472 3941 vel
1531 3907 1759 3951 censue,
1828 3892 1918 3942 vel
1970 3894 2409 3951 sententiarum,
2470 3906 2597 3943 num
2655 3887 2726 3938 iis

521 3971 776 4021 animilins
813 3969 986 4022 modis
1022 3970 1233 4023 (lictum
1271 3983 1388 4027 est:
1445 3979 1502 4024 et
1540 3973 1746 4034 λέξεως,
1783 3973 1837 4024 id
1875 3981 1963 4026 eat
2002 3974 2298 4025 verborum
2338 3975 2429 4025 vel
2468 3970 2726 4024 dictioni·

525 4055 612 4105 sel
652 4052 1013 4118 elocutionis,
1072 4055 1164 4108 vel
1214 4056 1485 4110 sermoni·
1540 4056 1955 4113 velorationis.
2031 4058 2175 4113 Num
2215 4067 2272 4111 et
2313 4057 2601 4118 variatur,
2662 4065 2720 4108 et

517 4135 653 4188 nihil
699 4138 890 4188 refert.
