3017 4825
1560 331 1658 404 54

516 553 679 629 lum,
769 568 911 612 mox
974 550 1101 631 jam
1159 546 1463 612 Caracalla
1538 547 1868 627 imperante
1924 562 2172 625 prorsus
2213 546 2457 626 ‚periit3
2542 568 2739 630 quare

518 648 830 731 Longinus
870 649 1078 714 rhetor
1114 663 1245 708 non
1281 646 1577 726 potuisset
1616 645 1783 724 loqui
1820 643 1896 708 de
1923 644 2125 725 Pythia
2165 645 2523 710 vaticinante
2558 650 2740 712 etiam

518 748 646 812 suis
704 748 890 829 ipsius
952 745 1337 826 temporibus,
1443 744 1614 816 Quae
1670 743 1722 805 si
1800 743 1996 806 animo
2055 748 2436 823 reputamus,
2504 748 2744 816 accedit

520 844 784 908 fortasse
826 845 1045 926 aliquid
1089 844 1161 909 ad
1205 851 1469 908 nostram
1515 843 1857 924 opinionem
1899 840 1977 904 de
2019 848 2290 922 tempore
2331 843 2497 923 libri,
2555 864 2740 925 quem

521 944 721 1025 paullo
765 952 903 1010 ante
946 945 1261 1008 Domitiani
1302 944 1611 1024 imperium
1631 990 1647 1022 ‚
1693 961 1876 1024 quum
1918 942 2223 1008 oraculum
2263 943 2530 1008 nondum
2567 963 2742 1014 ‚oon—

527 1043 833 1121 ticuisset‚
877 1045 1269 1124 compositum
1309 1050 1601 1123 putamus.

694 1139 948 1206 Accedit
997 1140 1255 1222 denique
1314 1147 1582 1204 extrema
1639 1145 1762 1202 tota
1819 1138 2023 1218 operis
2075 1138 2395 1218 particula,
2461 1158 2617 1221 quae
2659 1142 2742 1204 ab

528 1236 951 1318 interpretibus
1019 1258 1143 1301 non
1197 1240 1341 1302 satis
1403 1244 1604 1320 potest
1657 1236 1929 1302 laudibus
1992 1235 2211 1299 efferri.
2331 1236 2552 1318 Neque
2604 1241 2741 1306 siue

530 1336 692 1400 hona
735 1356 948 1404 caussa
959 1358 977 1415 ;
1034 1346 1242 1421 aperte
1298 1338 1454 1400 enim
1498 1337 1711 1402 omnia
1770 1336 2032 1406 divinum
2092 1334 2391 1414 quoddam
2431 1336 2741 1418 ingenium

533 1436 788 1516 spirant,
852 1437 1070 1518 quodsi
1126 1442 1501 1516 comparatur
1559 1454 1697 1502 cuin
1765 1435 1900 1497 aliis
1943 1435 2279 1504 litterarum
2311 1440 2740 1504 monumentis

532 1534 682 1596 mira
727 1536 1017 1614 quaedam
1071 1554 1204 1597 cum
1257 1535 1495 1616 dialogo
1536 1534 1778 1598 Taciteo
1831 1533 1912 1598 do
1951 1533 2200 1596 ,caussis
2243 1541 2557 1615 corruptae
2597 1538 2742 1600 elo-

534 1631 815 1708 quentiae
854 1632 1170 1696 similitudo
1214 1639 1492 1714 apparet‚
1535 1650 1662 1694 non
1698 1632 1889 1694 solum
1932 1649 2136 1694 rerum
2178 1648 2252 1694 ac
2289 1634 2731 1711 sententiarum,

534 1729 645 1791 sed
698 1731 875 1792 etiam
933 1732 1384 1813 philosophandi
1444 1739 1624 1811 atque
1686 1728 2136 1812 argumentandi
2197 1730 2435 1792 rationis
2453 1751 2472 1804 3¹
2547 1750 2729 1812 quam

537 1830 990 1909 congruentiam
1030 1832 1215 1910 miror
1254 1827 1417 1909 quod
1466 1847 1648 1897 nemo
1691 1848 1771 1891 ex
1815 1828 2128 1892 doctorum
2167 1846 2418 1892 numero
2460 1836 2562 1890 aut
2594 1832 2735 1894 ani-

536 1924 924 1990 madverterit
965 1928 1156 1994 adhuc
1185 1933 1288 1990 aut
1326 1928 1387 1989 in
1422 1927 1679 2008 singulis
1719 1927 1901 1990 rebus
1940 1931 2294 2005 prosecutus
2321 1927 2434 1990 -siu
2506 1927 2742 1994 Etenim

539 2021 672 2085 fere
715 2026 957 2090 easdem
998 2035 1233 2109 parteS‚
1275 2043 1424 2107 quas
1463 2026 1618 2107 apud
1660 2026 1928 2090 Tacitum
1967 2024 2227 2088 Messala
2264 2025 2584 2106 Vipstanus
2611 2026 2744 2111 (cp.

539 2120 787 2182 25—39
825 2122 1029 2207 dial-J,
1089 2127 1223 2187 heic
1283 2125 1670 2206 philosophus
1733 2124 1972 2204 quidam
2023 2124 2306 2205 suscipit,
2379 2143 2562 2204 quem
2619 2146 2747 2191 nou

543 2221 785 2286 omnino
842 2222 1077 2301 fictum,
1132 2223 1242 2287 sed
1304 2224 1509 2286 modo.
1544 2243 1668 2292 non
1709 2224 2054 2290 nominatim
2107 2224 2464 2304 appellatum
2517 2243 2746 2308 censeo

542 2315 622 2380 oh
654 2318 1014 2401 ,Vespasiani
1052 2322 1117 2384 in
1154 2321 1575 2403 philosophos,
1635 2322 1889 2386 maxime
1931 2322 2189 2399 stoicos,
2247 2340 2498 2403 quorum
2541 2333 2751 2392 sectae

542 2416 776 2481 deditus
820 2429 1067 2501 apparet
1090 2423 1186 2483 hic
1209 2423 1535 2503 sapientiae
1564 2422 1896 2502 professor,
1943 2422 2140 2485 odium
2178 2429 2358 2503 atque
2381 2424 2752 2489 iracundiam

540 2515 854 2578 excitatam
909 2520 1156 2581 vocibus
1216 2538 1423 2583 eorum
1487 2521 1691 2583 liberis
1751 2520 1827 2583 de
1888 2539 1960 2582 re
2015 2520 2249 2600 publica
2301 2522 2569 2602 proditis,
2663 2525 2749 2587 At

422 2646 431 2651 ›
542 2613 774 2677 medius
814 2617 995 2681 fidius
1049 2621 1224 2685 etiam
1277 2622 1408 2682 sine
1449 2622 1696 2682 nomine
1745 2637 1966 2682 nomen
2011 2627 2318 2682 aeternum
2361 2623 2473 2684 sibi
2516 2626 2751 2705 paravit

540 2710 927 2797 philosophus
987 2719 1081 2779 hic
1136 2717 1476 2799 dignusque
1534 2717 1801 2795 videtur,
1880 2719 2048 2800 cujus
2105 2719 2292 2780 verba
2343 2739 2493 2782 vere
2549 2722 2751 2786 divina

543 2826 680 2870 cum
722 2817 919 2875 aureis
969 2816 1153 2876 Taciti
1215 2816 1494 2879 conferre
1549 2816 1885 2879 audeamus.
1985 2815 2104 2880 Sed
2144 2823 2459 2898 antequam
2499 2824 2749 2902 propius

545 2908 898 2974 accedamus
941 2913 1014 2975 ad
1055 2913 1388 2999 philosophi
1431 2917 1762 2979 orationem
1809 2917 1995 2997 ipsam
2020 2960 2040 2991 ,
2091 2915 2232 2978 illud
2285 2917 2358 2978 ab
2401 2908 2566 2981 initio
2609 2939 2753 2983 mo-

544 3008 804 3073 nendum
849 3014 1280 3090 erit‚·saeculo
1316 3016 1501 3085 tertio
1545 3015 1656 3077 sub
1699 3016 2059 3093 imperatore
2083 3012 2410 3091 Aureliano
2447 3019 2753 3082 neminem

544 3123 805 3187 unquam
846 3130 1143 3191 quaerere
1183 3114 1483 3193 potuisse,
1547 3129 1666 3189 qua
1710 3111 1786 3172 de
1840 3128 2050 3173 caussa
2103 3113 2244 3177 boni
2288 3121 2562 3179 oratores
2607 3124 2753 3179 tunc

545 3206 832 3284 temporis
873 3225 1119 3286 prorsus
1162 3209 1306 3269 nulli
1350 3213 1583 3281 essent3
1641 3207 1739 3270 illa
1781 3210 1938 3271 enim
1979 3216 2174 3273 aetate
2214 3213 2275 3273 in
2318 3230 2430 3274 ore
2467 3217 2751 3295 omnium,

547 3301 765 3379 quibus
805 3319 926 3364 non
967 3306 1316 3384 praestricta
1361 3311 1488 3366 erat
1541 3307 1715 3368 animi
1771 3309 1962 3387 acies,
2027 3326 2277 3371 caussae
2307 3310 2562 3374 fuerunt
2605 3332 2753 3376 cor-

544 3405 756 3478 ruptae
795 3408 896 3463 aut
931 3402 1127 3483 potius
1166 3404 1493 3467 exstinctae
1532 3406 1948 3486 eloquentiae:
1992 3424 2239 3487 quarum
2287 3409 2523 3489 quidem
2565 3431 2754 3492 prae-

548 3498 758 3577 cipuae
820 3506 1022 3578 erant,
1104 3499 1266 3582 quod
1324 3519 1468 3564 usus
1536 3505 1914 3586 quotidianae
1972 3507 2132 3568 vitae
2188 3508 2505 3588 omnisque
2562 3511 2756 3573 libere

545 3594 725 3657 vitam
773 3597 1113 3665 instituendi
1156 3599 1405 3663 facultas
1454 3620 1703 3682 prorsus
1764 3604 1995 3673 sublata
2051 3611 2235 3671 esset.
2339 3606 2490 3679 Quid
2535 3610 2755 3688 plura?

556 3850 913 3906 Plutarchus.
988 3853 1358 3908 Nummorum
1399 3856 1798 3923 Delphicorum
1839 3874 2018 3924 usque
2048 3858 2118 3910 ad
2139 3859 2466 3915 caracallae
2500 3846 2759 3933 tempora

549 3945 868 4003 stupet-aunt,
931 3956 1037 4006 quo
1079 3938 1386 3993 verisimile
1423 3941 1488 3992 fit
1514 3978 1529 4001 ‚
1573 3948 1704 3991 tunc
1742 3940 1911 3995 etiam
1965 3942 2181 4001 cannino
2219 3948 2508 4000 oraculum
2550 3947 2760 4002 iterum

554 4022 807 4087 periisse,
844 4022 1064 4076 etiamsi
1109 4023 1457 4078 Theodosius
1495 4025 1716 4075 deinum
1759 4026 1810 4076 in
1832 4031 2119 4091 aeternum
2157 4029 2323 4085 finem
2364 4049 2429 4084 ac
2466 4032 2760 4087 silentium

556 4103 606 4154 ei
645 4105 974 4174 imponeret.
1051 4108 1278 4176 Peuuy,
1323 4108 1694 4177 Rcalenryld.
1730 4125 1773 4159 s.
1812 4109 2033 4178 Delphi.

658 4550 677 4573 μ’
1024 4518 1061 4773 Ι
1186 4566 1199 4573 ,
1230 4546 1251 4553 ⁷
1482 4548 1598 4771 ει-Ὼ-ἶ

614 4600 625 4609 r
1162 4582 1181 4607 τ’
