3017 4825
1369 350 1467 424 33

312 572 695 649 Gadarenus,
737 586 859 632 non
900 572 1096 632 autem
1137 565 1459 649 Byzantius
1494 564 1769 629 laudatus
1808 569 1901 631 sit.
1984 570 2238 634 Primum
2283 576 2514 655 nurum,

316 693 397 739 ne
420 673 609 735 dicam
641 667 955 732 offensioni
996 664 1176 743 foret,
1218 664 1950 747 scriptorem-Vespasiani
1985 676 2086 731 aut
2120 671 2309 752 magis
2337 676 2512 737 etiam

316 770 618 834 Aureliani
649 768 1012 849 temporibus
1040 763 1199 828 nulla
1226 766 1604 828 accuratiore
1627 764 1823 828 addita
1858 769 2234 848 appositione·
2271 770 2515 836 laudare

316 871 583 950 potuisse
636 867 944 938 rhetorem
1003 863 1159 928 haud
1190 865 1294 925 cita
1352 862 1650 943 insignem
1706 871 1806 927 aut
1826 867 2221 930 ’celebratum
2243 915 2260 948 ,
2325 872 2514 950 qualis

310 968 626 1050 Byzantius
669 967 767 1030 ille
811 963 1009 1026 fuerat
1027 1008 1053 1039 ,
1090 968 1347 1040 quatuor
1382 966 1484 1021 aut
1527 961 1703 1024 etiam
1743 963 2010 1042 pluribus
2039 968 2309 1030 saeculis
2353 985 2386 1030 a
2431 987 2508 1033 se

311 1067 700 1149 disjunctum3
730 1060 1113 1143 praesertim
1138 1085 1143 1088 ·
1172 1059 1225 1121 si
1280 1071 1393 1124 suo
1436 1057 1623 1138 ipsius
1664 1064 1933 1140 tempore
1966 1063 2201 1127 viveret
2242 1066 2514 1148 ejusdem

308 1166 566 1228 nominis
626 1161 1029 1245 ejusdemque.
1082 1159 1222 1220 artis
1279 1156 1596 1238 professor
1614 1203 1633 1236 ,
1707 1177 1964 1239 quocum
2028 1175 2110 1224 ne
2163 1165 2516 1230 misceretur

308 1264 593 1343 antiquus
630 1259 735 1320 ille
775 1259 849 1322 ab
870 1258 1137 1320 lemore,
1175 1271 1301 1319 non
1359 1257 1441 1319 ita
1496 1256 1736 1337 penitus
1769 1257 2004 1331 „litteris
2055 1260 2316 1342 imbuto,
2373 1265 2513 1329 nihil

312 1368 481 1437 erat,
528 1357 686 1439 quod
730 1355 1079 1437 impediret:
1134 1354 1413 1438 Agedum
1434 1401 1453 1435 ,
1496 1356 1769 1437 magisne
1813 1362 2020 1436 aptum,
2053 1358 2321 1438 videtur,
2379 1364 2513 1425 solo

310 1458 563 1522 articulo
630 1454 660 1520 ὁ
725 1454 1081 1537 significari,
1118 1454 1420 1518 hominem
1498 1459 1665 1516 tanto
1741 1454 2055 1518 intervallo
2133 1459 2417 1539 temporis
2481 1480 2518 1523 a

315 1557 605 1636 scriptore
631 1560 933 1616 remotum
964 1551 1436 1634 nequeingenio
1480 1569 1682 1632 neque
1711 1553 1950 1634 scriptis
1986 1554 2068 1616 ita
2096 1556 2511 1638 excellentem,

313 1673 389 1715 an
429 1654 610 1731 illum,
658 1652 759 1732 qui
785 1653 919 1732 ipso
952 1651 1265 1731 'scriptore
1294 1649 1680 1714 adolescente
1721 1685 1806 1697 ·—--
1845 1652 1902 1714 si
1926 1653 2068 1732 jure
2101 1654 2317 1716 librum
2358 1674 2513 1720 con-

309 1751 543 1813 fectum.
585 1766 901 1812 censemus
940 1749 1311 1828 Vespasiano
1374 1749 1708 1828 imperante
1744 1783 1830 1794 —-
1868 1748 2098 1811 Romae
2145 1759 2334 1815 artem
2387 1773 2510 1818 non

309 1850 502 1912 solum
560 1846 872 1928 professus
926 1850 1023 1907 est
1070 1844 1465 1922 rhetoricam,
1521 1844 1634 1908 sed
1691 1845 1870 1906 etiam
1924 1844 2162 1910 edocuit
2214 1849 2512 1916 Tiberium

304 1949 666 2023 Gaesarem,
726 1946 905 2008 immo
964 1944 1139 2007 etiam
1194 1943 1459 2006 scholam
1517 1944 1968 2008 celeberrimam
2025 1946 2295 2027 reliquit,
2360 1968 2518 2030 quae

308 2063 530 2108 nomen
573 2044 735 2106 illius
770 2051 836 2108 ut
872 2043 1111 2125 signum
1154 2048 1263 2105 aut
1295 2048 1590 2105 tesseram
1626 2043 1882 2122 aliquam
1921 2044 2252 2107 servabat?
2284 2047 2515 2112 Deinde

308 2143 688 2208 observanda
730 2144 845 2205 erit
885 2129 1217 2223 imperfecti
1238 2141 1453 2204 «forma
1485 2139 1805 2221 ἐκάλει,
1853 2160 1968 2222 qua
1994 2146 2513 2223 persuasissimum

304 2244 522 2320 habeo,
566 2240 947 2304 Theodorum
983 2239 1316 2304 Gadareum
1343 2240 1661 2302 memorari
1673 2259 1692 2314 3
1737 2239 1878 2319 quid
1901 2241 2064 2303 ‘enim
2102 2243 2514 2323 imperfectum

309 2362 445 2406 mim
484 2341 808 2424 Byzantio,
851 2340 929 2406 de
971 2357 1131 2421 qu0,
1193 2346 1260 2401 ut
1291 2339 1640 2422 jamdudum
1683 2346 1952 2418 mortuo,
2015 2340 2348 2421 perfectum
2385 2346 2516 2409 sine

310 2440 491 2502 dubio
531 2441 753 2503 rectius
795 2447 1141 2521 usurpatum
1182 2438 1413 2501 fuisset.
1499 2438 1620 2502 Sed
1650 2439 1900 2501 consilio
1945 2457 2016 2501 ac
2041 2440 2370 2520 prudenter
2399 2446 2516 2508 hoc

310 2540 415 2600 ita
445 2538 665 2601 fecisse
726 2538 962 2600 videtur
1028 2538 1315 2617 scriptor,
1391 2538 1612 2617 quippe
1678 2538 1778 2615 qui
1849 2529 2054 2600 dicere
2107 2541 2320 2604 vellet:
2399 2545 2516 2606 hoc

311 2636 662 2700 Theodorus
738 2623 941 2720 (quod
1011 2636 1202 2699 adhuc
1280 2648 1440 2698 nunc
1513 2634 1853 2698 viventibus
1919 2636 2193 2699 omnibus
2270 2644 2513 2727 notum)

307 2733 775 2820 παρὲνθυρσον
820 2743 1141 2814 appellare·
1170 2740 1435 2815 solebatj
1477 2740 1657 2815 atque
1698 2734 1778 2796 ita
1819 2741 1989 2796 recte
2031 2735 2238 2799 Morus
2267 2740 2339 2829 „ln
2363 2750 2517 2803 'ver-

307 2833 481 2897 sione
522 2833 701 2895 latina
742 2833 939 2895 locum
983 2832 1255 2895 reddidit.
1339 2833 1525 2913 Atqui
1566 2840 1631 2895 ut
1674 2832 1940 2894 breviter
1977 2833 2201 2914 dicam,
2255 2839 2331 2901 ita
2375 2842 2512 2903 mibi

309 2933 474 3012 fingo
518 2951 683 3010 rem,
727 2940 794 2995 ut
820 2932 1211 3011 Theodorus,
1257 2932 1361 3014 qui
1398 2933 1580 2993 vitam
1621 2933 1682 2995 in
1723 2932 1913 3013 ipsum
1946 2933 2163 2995 Tiberii
2205 2938 2513 3019 imperium

304 3029 728 3110 protenderat,
793 3050 973 3112 quum
1012 3033 1251 3094 Romae·
1284 3031 1521 3095 scholas
1564 3031 1813 3093 baberet
1865 3031 2288 3113 eloquentiae,
2359 3038 2515 3100 inter

309 3129 610 3191 auditores
640 3160 647 3165 -
675 3130 839 3192 illum
902 3148 1143 3211 quoque
1170 3172 1175 3177 -
1202 3131 1712 3194 adolescentulum
1775 3130 2085 3209 habuerit,
2147 3133 2250 3229 qui
2304 3141 2516 3213 postea

310 3227 571 3286 (livinum
608 3227 767 3289 huiic
808 3228 887 3290 de
929 3231 1282 3291 sublimitate
1324 3229 1614 3292 orationis
1655 3231 2140 3293 commentarium
2167 3236 2514 3313 composuit.

310 3321 443 3381 Jam
498 3323 549 3381 si
607 3322 757 3384 haec
813 3343 959 3385 vera
1011 3316 1404 3405 protulimus,
1462 3325 1716 3408 (neque
1757 3335 1853 3389 est
1894 3344 2002 3389 cur
2045 3329 2513 3415 addubitemus),

308 3419 511 3480 emnia
556 3409 714 3481 bene
744 3423 1113 3502 procedunt.
1178 3445 1257 3487 ex
1294 3427 1797 3506 praelectionibus
1840 3429 1996 3489 enim
2040 3431 2304 3509 magistri
2347 3432 2520 3495 affert
2618 3468 2622 3475 ·

309 3517 833 3602 I’seudolonginus
890 3541 1102 3584 vocem
1162 3524 1317 3586 illam
1393 3528 1538 3588 satis
1580 3527 1883 3590 delectam
1948 3534 2129 3607 atque
2196 3529 2517 3610 insignem,

308 3619 779 3702 παοὲ-νθυρσον
826 3621 980 3700 dico,
1029 3641 1144 3703 qua
1185 3624 1535 3687 Theodorus
1577 3628 1817 3689 nimium
1860 3626 2180 3688 verborum
2224 3633 2515 3692 tumorem
2592 3648 2596 3651 ’

309 3719 369 3774 et
424 3719 881 3783 cumulationem
943 3730 1153 3785 notare
1208 3725 1475 3803 solebat,
1556 3726 1730 3793 ducta
1781 3726 2216 3807 significatione
2270 3726 2380 3788 hac
2437 3749 2515 3790 ex

311 3817 754 3894 comparatione
819 3838 950 3882 cum
1011 3822 1292 3885 bacchico
1349 3824 1451 3886 illo
1508 3822 1710 3887 inflatu
1773 3831 1953 3903 atque
2011 3820 2278 3902 tumore,
2347 3826 2522 3908 cujus

309 3913 480 3989 quasi
534 3914 593 3975 in
651 3919 984 3998 symbolum
1045 3922 1199 4002 apud
1257 3908 1511 3986 veteres
1564 3923 1808 4004 thyrsus
1862 3922 2103 3984 abierat.
2185 3922 2409 3987 Verum
2452 3929 2517 3986 ut

306 4007 624 4073 ιηόεειηιυε
695 4015 777 4085 ad
833 4021 1244 4099 quaestionem
1308 4022 1464 4085 illam
1506 4040 1566 4089 a
1630 4020 1802 4082 nobis
1866 4020 2269 4101 propositam,
2348 4024 2520 4106 cujus

309 4127 522 4170 caussa
581 4111 733 4174 bane
804 4118 876 4178 ab
952 4119 1184 4201 incepta
1264 4124 1538 4183 oratione
1604 4120 2061 4204 degressionem
2131 4122 2522 4202 suscepimuS‚

2107 4225 2148 4288 3
