3017 4825
1382 351 1478 423 57

330 571 433 634 illa
474 576 612 632 sunt
675 567 860 632 nostri
917 566 1131 651 (liceat
1189 566 1378 629 verbo
1443 564 1567 649 uti)
1635 565 1816 627 Taciti
1872 567 2091 646 graeci.
2190 571 2277 633 Οἱ
2309 566 2378 633 δὲ
2414 570 2528 635 νῦν

336 667 640 751 ἐοίκαμεν
703 664 1279 747 παιδομαθεῖς
1334 662 1764 733 δουλείαςε
1830 666 1929 744 qui
1989 684 2148 727 nunc
2187 674 2357 745 sunt,
2405 670 2532 749 jam

332 784 367 829 a
415 767 616 847 pueris
657 768 1005 829 servitutem
1046 764 1409 837 tolet-aranu
1464 763 1704 825 videtur
1743 762 1908 828 hisce
1951 764 2358 845 philosophiae
2400 783 2533 828 ma-

330 864 519 946 gister
558 866 933 947 significare,
980 868 1183 943 patres
1227 878 1434 922 eorum
1454 906 1471 936 ,
1534 862 1634 939 qui
1671 879 1782 923 sua
1822 862 2007 943 ipsius
2049 870 2248 925 aetate
2289 864 2530 946 degant,

329 968 596 1045 tempora
636 962 861 1024 vidisse
908 961 1083 1021 etiam
1125 959 1350 1020 liberae
1395 957 1779 1037 reipublicae,
1817 977 1966 1022 suos
2009 968 2204 1024 autem
2245 964 2530 1042 aequales

327 1062 550 1141 primos
579 1078 740 1137 esse,
785 1059 950 1138 quia
986 1057 1193 1137 pueris
1233 1055 1533 1118 servitutis
1565 1056 1720 1137 jugo
1766 1060 2034 1137 oppressi
2077 1065 2531 1138 coercerentur3

330 1159 491 1237 quod
536 1159 588 1220 si
629 1175 840 1219 verum
880 1155 1261 1236 protulimus,
1320 1154 1437 1217 hoc
1494 1171 1740 1234 quoque
1781 1155 2069 1218 indicaret
2131 1160 2343 1221 librum
2407 1179 2529 1223 non

328 1257 482 1320 ultra
524 1254 676 1316 fines
719 1254 951 1335 imperii
994 1253 1385 1334 Vespasianei
1428 1254 1830 1333 conscriptum
1875 1270 2046 1330 esse,
2089 1257 2308 1337 quippe
2348 1263 2540 1337 quum

332 1350 421 1435 (si
473 1357 743 1431 tempora
811 1349 1131 1435 reputes),
1198 1352 1275 1430 ii,
1344 1352 1446 1431 qui
1513 1351 1625 1413 sub
1681 1350 2052 1431 Vespasiano
2117 1356 2529 1433 provectiores

333 1455 504 1511 erant
542 1457 774 1528 aetate,
824 1451 998 1531 primi
1051 1457 1286 1528 essent,
1349 1451 1452 1530 qui
1491 1450 1603 1512 sub
1643 1450 2068 1531 imperatorum
2125 1451 2428 1517 dominatu
2467 1461 2531 1517 et

333 1549 455 1610 nati
496 1555 701 1611 essent
741 1556 803 1612 et
844 1549 1093 1612 educati.
1174 1551 1396 1612 Verum
1438 1549 1726 1612 hactenus
1757 1548 2165 1630 philosophiae
2196 1552 2528 1632 professor,

331 1646 555 1710 stoicae
597 1653 801 1709 sectae
844 1647 1174 1729 adscriptus
1193 1694 1211 1727 ‚
1267 1649 1319 1710 si
1377 1666 1457 1710 ex
1513 1648 1727 1710 mentis
1766 1649 1974 1730 rigore
2016 1649 2290 1712 concludi
2330 1658 2532 1733 potest

327 1743 388 1804 in
428 1744 757 1823 sapientiae
799 1744 1181 1825 disciplinam.

489 1842 838 1924 Respondet
876 1843 1093 1906 deinde
1133 1843 1298 1905 hisce
1338 1842 1856 1923 Pseudolonginus
1906 1843 2037 1923 ipse
2076 1843 2356 1926 longiore
2395 1847 2530 1910 fere

325 1956 523 2018 usque
563 1941 635 2002 ad
681 1948 948 2004 extrema
988 1941 1169 2004 libelli
1210 1942 1607 2022 expositione,
1652 1959 1808 2021 quae
1850 1943 2275 2005 sententiarum
2318 1946 2530 2008 excel-

324 2037 507 2099 lentia
570 2057 642 2100 ac
693 2041 1016 2104 verborum
1075 2057 1302 2102 summa
1360 2040 1721 2101 sublimitate
1779 2057 1899 2101 non
1954 2040 2362 2119 posthabenda
2418 2047 2532 2108 erit

327 2136 704 2199 antecedenti
789 2138 1169 2218 explicationi
1253 2138 1717 2219 philosophicae.
1849 2132 2219 2221 ,“,Ρᾳδιον“
2240 2187 2258 2213 ,
2316 2142 2528 2262 inquit,

329 2222 437 2309 „ni
480 2234 801 2313 βέλτιστε
846 2238 959 2298 καὶ
1005 2233 1168 2300 ἴδιον
1217 2232 1623 2323 ἀνθρώπου,
1675 2232 1758 2301 τὸ
1815 2235 2386 2320 καταμέμφεσθαι
2437 2242 2526 2306 τὰ

329 2328 427 2396 ἂει
471 2330 801 2419 παρόντα·
848 2328 975 2416 ὅρα
1031 2330 1135 2407 δὲ,
1190 2357 1279 2419 μη
1339 2357 1474 2397 ποτ
1538 2327 1667 2420 ἄρα
1719 2356 1827 2396 και
1874 2330 1909 2413 ἣ
1955 2334 2102 2413 τῆς
2146 2334 2524 2421 οἰκουμέ-

328 2450 462 2513 νης
514 2427 789 2516 εἰρήνη
838 2428 1327 2546 διαφθείρει
1372 2436 1502 2499 τὰς
1545 2429 1853 2514 μεγάλας
1900 2423 2175 2513 φύσεις,
2226 2432 2408 2505 πολυ
2458 2435 2529 2501 δε

326 2524 595 2641 panau
671 2526 703 2591 ὁ
781 2527 1101 2612 κατέχων
1172 2523 1350 2612 ἡμῶν
1425 2529 1554 2595 τὰς
1625 2524 1991 2611 ἐπιθυμίας
2060 2530 2530 2616 ἂπεριόριστος

331 2617 563 2688 οὑτοσὶ
608 2623 964 2707 πόλεμος“
1014 2622 1168 2687 κτλ.
1276 2626 1488 2687 Pacem
1547 2625 1739 2701 illam,
1804 2642 1980 2703 quam
2026 2626 2279 2691 affirmat
2319 2633 2528 2696 orbem

328 2730 618 2789 terrarum
675 2730 920 2802 tenere,
981 2723 1288 2801 nonnulli,
1359 2724 1575 2803 quibus
1626 2721 1823 2784 Amati
1875 2722 2387 2807 adnumeranduS,
2453 2732 2526 2792 ad

328 2819 584 2903 Augusti
642 2828 909 2901 tempora
961 2822 1327 2898 retulerunt,
1390 2839 1592 2900 quum,
1647 2818 1940 2903 (quanam
2013 2823 2072 2882 in
2123 2841 2194 2884 re
2250 2826 2528 2906 equidem

332 2918 699 3001 consentio‚)
742 2921 852 2983 sub
896 2921 1255 3000 imperatore
1279 2918 1607 3010 Aureliano
1649 2918 1779 2979 fere
1822 2939 1901 2981 ne
1940 2939 2050 2999 per
2092 2921 2245 2984 diem
2290 2927 2528 3005 quidem

328 3018 488 3083 bello
533 3018 838 3100 imperium
879 3019 1210 3081 Romanum
1253 3019 1564 3081 liberatum
1623 3016 1849 3078 fuisset.
1948 3017 2305 3082 Aurelianus
2350 3027 2527 3103 enim,

328 3117 424 3179 cui
488 3135 597 3196 per
667 3118 930 3197 quinque
1002 3123 1228 3179 tantum
1300 3134 1591 3178 annorum
1658 3116 1907 3194 spatium
1985 3117 2432 3198 obtemperabat
2460 3123 2525 3206 ¹)

328 3217 671 3296 imperium,
713 3216 960 3297 primum
1006 3235 1141 3277 cum
1184 3216 1570 3292 AlemanniS,
1614 3221 1753 3275 tunc
1796 3233 1929 3276 cum
1975 3215 2272 3296 Zenobia,
2311 3220 2527 3285 deinde

333 3333 461 3376 cum
505 3313 741 3375 Tetrico
788 3313 954 3375 Gallo
998 3312 1152 3374 bella
1194 3315 1419 3393 gessit,
1484 3320 1792 3392 postremo
1851 3314 1910 3374 in
1966 3314 2091 3394 ipsa
2148 3320 2526 3397 expeditione

332 3419 537 3475 contra
572 3412 787 3473 Persas
828 3410 982 3472 facta
1023 3411 1374 3472 interemtus
1419 3416 1543 3483 est3
1586 3417 1831 3490 propter
1874 3430 2048 3490 quam
2093 3416 2330 3479 militiae
2372 3438 2528 3483 con-

328 3511 657 3572 tinuitatem
699 3526 919 3570 nomen
963 3509 1021 3573 ei
1066 3526 1281 3586 „manu
1324 3506 1396 3568 ad
1424 3507 1687 3568 ferrum“
1736 3526 1768 3569 a
1798 3510 2071 3571 militibus
2101 3514 2243 3593 jure
2283 3516 2527 3581 inditum

328 3615 438 3671 est.
523 3606 604 3669 At
644 3625 793 3669 vero
839 3608 950 3669 sub
991 3607 1360 3688 Vespasiano
1422 3624 1501 3667 ne
1545 3607 1777 3686 species
1823 3607 2059 3686 quidem
2110 3610 2248 3672 belli
2300 3615 2525 3692 aderat,

324 3712 640 3786 postquam
682 3705 991 3769 Judaicum
1048 3706 1303 3784 bellum,
1385 3706 1546 3786 quod
1595 3708 1726 3786 ipse
1782 3706 2117 3785 inceperat,
2179 3711 2304 3791 jam
2366 3733 2524 3778 anno

472 4040 526 4106 1)
567 4040 655 4090 cf.
691 4041 760 4089 de
799 4041 1099 4093 Aureliano
1137 4043 1371 4109 ejusque
1409 4041 1579 4092 rebus
1625 4038 1799 4108 gestis
1842 4038 2170 4107 Vopiscum,
2224 4042 2525 4114 zosimum,

329 4124 637 4189 zonarum,
682 4124 1007 4193 Eutropium
1047 4127 1267 4180 omnino
1309 4127 1511 4195 Pauly,
1557 4126 1916 4195 Realencycl.
1952 4143 1994 4177 s.
2034 4143 2086 4178 v.
2131 4127 2479 4186 Aurelianus.
