3017 4825
1386 376 1481 448 29

335 594 561 661 scilicet
576 643 595 675 ,
655 603 721 658 ut
756 587 901 676 ipsis
941 592 1200 656 auctoris
1241 587 1443 654 verbis
1484 590 1683 654 omnia
1724 591 1823 654 illa
1865 590 2220 658 documenta
2259 592 2528 677 proben-

333 703 465 773 tur,
525 693 737 775 quibus
779 693 1251 767 demonstratur,
1309 707 1433 751 non
1474 705 1669 771 posse
1724 691 2122 772 conscriptum
2176 711 2316 756 esse
2370 695 2529 759 hunc

318 794 548 855 'librum
588 809 626 855 a
648 792 956 872 scriptore
997 789 1154 851 tertii
1196 787 1437 849 saeculi.
1518 787 1642 849 Est
1686 794 1884 850 autem
1943 789 2154 852 horum
2208 798 2371 854 tanta
2405 813 2528 856 'va-

331 892 511 957 rietas
550 898 730 972 atque
774 890 982 970 copia,
1006 894 1091 948 ·ut
1132 903 1205 948 ea
1246 901 1377 947 uon
1411 884 1605 946 solum
1647 886 1710 947 in
1755 888 2094 967 sententiiS,
2136 889 2246 951 sed
2286 893 2527 971 saepius

331 990 504 1051 etiam
546 990 609 1050 in
649 987 840 1049 verbo
881 1002 1006 1048 uno
1047 982 1318 1050 invenire
1352 981 1568 1056 liceat-3
1622 999 1810 1062 quare
1847 1002 1963 1048 nec
2004 988 2168 1066 potui
2210 1005 2325 1050 nec
2361 990 2528 1052 volui

328 1088 527 1150 omnia
566 1089 630 1148 in
677 1085 935 1147 medium
975 1081 1286 1163 proferre,
1349 1079 1458 1142 sed
1494 1077 1661 1160 ²quae
1701 1084 2329 1149 maximividehantur
2366 1103 2527 1167 pon-

329 1185 490 1248 deris
508 1232 526 1263 ,
566 1191 635 1245 ut
680 1201 760 1244 ex
800 1183 873 1244 iis
914 1197 1024 1261 pro
1065 1180 1290 1241 viribus
1330 1178 1660 1242 ostendere
1697 1181 1965 1243 studeam
1983 1229 2000 1260 ,
2041 1186 2231 1265 primo
2274 1205 2425 1249 aevo
2468 1206 2525 1269 p.

330 1285 465 1345 Chr.
508 1282 779 1344 natalicia
820 1280 1109 1342 celebrari
1163 1280 1295 1341 libri
1349 1280 1555 1341 nostri.
1654 1279 2050 1343 Inveniuntur
2089 1292 2285 1346 autem
2348 1288 2527 1348 testi-

326 1381 530 1444 monia
570 1380 667 1441 illa
709 1385 823 1441 tam
883 1377 945 1440 in
999 1385 1124 1440 tota
1175 1379 1405 1458 reliqua
1463 1379 1970 1442 commentatione·
2016 1380 2096 1442 de
2125 1383 2526 1461 sublimitate,

332 1495 506 1559 quam
565 1480 887 1559 praecipue
936 1478 1015 1539 in<
1062 1483 1332 1540 extrema
1394 1478 1698 1557 oratione,
1763 1491 1920 1559 quae
1984 1486 2047 1541 et
2100 1481 2526 1544 sententiarum

331 1578 729 1659 gravitatevae
769 1577 1110 1639 sinceritate
1152 1583 1215 1638 et
1253 1576 1577 1639 verborum
1611 1579 1912 1658 elegantia
1955 1595 2026 1640 ac
2067 1578 2307 1641 flumine
2347 1587 2527 1643 ante-

328 1676 611 1738 cedentes
654 1676 973 1756 particulas
1015 1676 1128 1738 etsi
1162 1674 1317 1737 haud
1349 1673 1837 1755 contemnendaS,
1876 1683 2075 1738 tamen
2117 1679 2306 1759 lenge
2337 1689 2526 1759 prae-

327 1775 524 1837 currit.
607 1773 791 1854 Atqui
835 1781 928 1836 est
964 1775 1073 1834 illa
1106 1775 1412 1835 notissima
1456 1781 1637 1853 atque
1677 1777 1812 1856 jure
1856 1776 2153 1837 celebrata
2193 1775 2525 1857 philosophi

326 1872 635 1954 cujusdam
659 1867 925 1933 Romani
965 1870 1158 1932 oratio
1199 1871 1644 1951 responsioque
1692 1871 2027 1951 scriptoris,
2082 1872 2159 1933 de
2213 1886 2329 1952 qua
2363 1892 2525 1938 mox

325 1972 523 2052 paullo
562 1971 893 2031 accuratius
935 1968 1349 2032 disserendum
1393 1970 1522 2030 erit.
1602 1968 1858 2051 Jamjam
1886 1976 2258 2032 transeamus
2290 1971 2364 2033 ad
2391 1989 2524 2034 eam

324 2069 737 2150 quaestionem
778 2066 1257 2146 deliberandam,
1319 2067 1608 2147 possitne
1648 2085 1728 2127 ex
1784 2067 1972 2129 libro
1997 2068 2166 2188 ipso,
2229 2071 2343 2132 etsi
2398 2088 2521 2133 non

323 2168 583 2230 auctoris
627 2178 879 2244 nomen,
907 2173 1122 2228 tamen
1164 2171 1434 2248 tempora
1480 2164 1798 2226 enucleari.

462 2264 633 2326 Illud
677 2271 905 2342 autem,
957 2270 1024 2326 ut
1063 2264 1181 2345 jam
1220 2280 1342 2325 uno
1386 2263 1597 2325 verbo
1619 2262 1849 2339 dicam,
1904 2262 2042 2324 mihi
2084 2264 2387 2342 invenisse
2422 2267 2524 2329 vi-

323 2362 507 2439 deor,
550 2368 901 2443 conceptum
948 2378 1086 2425 esse
1129 2361 1206 2424 de
1245 2359 1602 2424 sublimitate
1642 2363 1953 2423 tractatum
2005 2361 2115 2424 sub
2160 2362 2526 2444 imperatore

324 2460 714 2540 Vespasiano,
798 2458 917 2521 Sed
960 2461 1022 2520 in
1058 2460 1172 2520 hac
1210 2461 1506 2521 sententia
1548 2459 1854 2540 probanda
1883 2467 2155 2538 primum
2199 2462 2524 2526 ostendere

325 2574 434 2638 par
494 2562 623 2634 est,
705 2574 828 2618 non
886 2568 1031 2621 ante
1080 2556 1430 2638 Vespasiani
1476 2565 1789 2638 tempora,
1869 2559 1969 2638 qui
2023 2559 2147 2620 Kal.
2189 2560 2303 2624 Jul.
2344 2580 2397 2624 a.
2438 2563 2524 2624 69

323 2655 725 2718 Alexandriae
787 2655 861 2716 ab
922 2656 1187 2718 exercitu
1238 2657 1613 2737 imperatoris
1666 2658 1907 2719 nomine
1963 2658 2250 2720 salutatus
2305 2668 2404 2722 est
2429 2660 2519 2743 ¹),

321 2754 534 2817 librum
558 2753 1062 2816 confectum-esse
1083 2770 1299 2834 posse3
1344 2762 1613 2817 secundo
1641 2763 1771 2816 loco
1813 2772 2013 2835 neque
2032 2767 2175 2832 post
2209 2757 2520 2839 imperium

321 2852 702 2934 Vespasiani,
747 2853 846 2932 qui
892 2873 941 2914 a.
984 2851 1039 2914 d.
1082 2853 1177 2914 IX.
1226 2852 1351 2914 Kal.
1387 2853 1502 2915 Jul.
1549 2869 1599 2914 a.
1643 2852 1740 2915 79.
1785 2852 2111 2916 Cutiliisiu
2153 2872 2305 2939 agro
2341 2856 2526 2921 Sabi-

322 2970 534 3014 norum
560 2951 741 3015 ’febri
771 2952 1096 3013 succubuit.
1198 2950 1401 3030 Atque
1450 2952 1514 3012 in
1568 2950 1680 3011 hac
1720 2950 2226 3017 demonstratione
2267 2955 2524 3020 feliciter

322 3052 642 3128 succurrit,
710 3050 869 3130 quod
910 3051 970 3112 in
1012 3051 1213 3114 libello
1257 3068 1457 3130 neque
1498 3042 1600 3112 res
1659 3067 1858 3129 neque
1912 3052 2158 3131 scripta'
2185 3055 2517 3134 laudentur,

324 3162 478 3227 quae
503 3149 869 3228 temporibus
894 3149 1242 3229 Vespasiani
1282 3149 1593 3228 imperium
1634 3148 1905 3228 proxime
1949 3151 2377 3230 excipientibus
2417 3161 2524 3221 aut

325 3245 492 3305 facta
536 3253 635 3307 aut
690 3249 1023 3326 conscripta
1079 3265 1216 3310 esse
1278 3255 1526 3309 constat.
1626 3247 1839 3327 Neque
1906 3250 2097 3328 enim,
2166 3253 2325 3331 quod
2386 3253 2520 3315 sine

328 3342 505 3403 dubio
562 3341 848 3405 debuerat
901 3350 1137 3422 auctor,
1204 3344 1255 3406 si
1298 3345 1548 3407 vixisset
1598 3347 1773 3408 tertio
1816 3362 1871 3426 p.
1915 3346 2046 3409 Chr
2092 3351 2369 3428 saecule,
2436 3371 2516 3416 ne

469 3647 519 3701 1)
558 3640 642 3692 Cf.
685 3640 817 3694 Tac.
861 3640 1007 3693 nint.
1047 3638 1124 3705 ΙΙ,
1162 3646 1259 3698 792
1328 3642 1553 3695 {nutum
1601 3644 1815 3699 fei-endi
1865 3646 1934 3697 ad
1972 3644 2371 3713 Vespasianum
2411 3647 2515 3700 im-

325 3724 463 3793 perii
502 3723 863 3777 Alexandriae
899 3735 1194 3793 coeptum,
1256 3726 1556 3781 festinante
1593 3729 1828 3785 Tiberio
1866 3730 2211 3792 Alexandro,
2266 3731 2365 3797 qui
2403 3733 2514 3787 Κει-

323 3810 496 3860 lendis
532 3810 701 3862 Juliis
740 3822 1087 3864 saeramento
1124 3812 1253 3878 ejus
1283 3814 1532 3883 legiones
1563 3814 1772 3881 adegit.
1809 3832 1888 3881 cp.
1930 3819 2013 3870 80.
2060 3817 2201 3867 Dum
2223 3815 2516 3883 quaeritur

321 3902 575 3960 tempus,
614 3896 768 3946 locus
805 3935 821 3950 .
857 3935 873 3950 .
911 3935 927 3950 .
965 3939 977 3953 .
1016 3914 1303 3966 egressum
1345 3898 1592 3950 cubiculi
1640 3897 2032 3964 Vespasianum
2089 3899 2250 3966 pauci
2285 3899 2511 3964 milites,

318 3978 486 4028 solito
526 3978 856 4032 adsistentes
893 3981 1118 4044 ordine,
1163 3990 1227 4035 ut
1264 3983 1515 4052 legatum
1553 3980 1891 4043 salutaturi,
1932 3981 2324 4049 imperatorem
2360 3985 2513 4036 salu-

319 4068 533 4114 uivere.
606 4063 752 4115 Tum
792 4067 999 4118 caeteri
1036 4069 1369 4133 adcurrere,
1427 4069 1722 4121 Caesarem
1763 4077 1820 4121 et
1859 4070 2174 4136 Augustum
2230 4076 2287 4121 ot
2325 4069 2516 4122 oannis·

321 4144 663 4213 principatus
703 4149 975 4202 voeabula
1009 4151 1315 4206 cumulare.
