3017 4825
1555 339 1652 420 50

1391 441 1782 450 *qq-..Ur

506 554 887 616 haberentur.
949 552 1151 626 Quare
1179 553 1492 634 Longinus
1522 551 1708 616 addit:
1757 550 1819 618 εἴ
1840 552 2154 635 ’γεκτοῢτο
2191 555 2421 618 πιστὸν
2457 553 2709 632 ἀκούω,

508 653 646 714 dum
688 653 843 714 tertii
886 652 1112 716 saeculi
1157 653 1447 732 scriptor,
1502 652 1604 714 ubi
1656 652 1808 726 haec
1864 653 2135 732 corporis
2195 653 2432 722 humaui
2489 654 2712 733 depra-

505 751 663 812 vatio
697 753 823 832 jam
867 749 1173 820 desineret
1215 750 1477 812 adhiberi
1521 757 1702 829 atque
1744 748 2006 826 laudari,
2067 768 2192 813 non
2231 752 2490 832 potuerit
2531 751 2712 813 dubi-

504 854 654 927 tare,
699 850 840 928 quin
879 850 1059 913 loculi
1100 847 1445 928 fasciaeque
1487 866 1731 910 revera
1766 849 1885 910 sint
1925 848 2179 911 adhibita
2206 847 2295 910 ,ad
2338 848 2714 912 efficiendam

504 953 905 1009 monstrosam
966 945 1261 1026 quandam
1324 961 1643 1026 corporum
1700 947 2104 1027 exiguitatem.
2187 947 2354 1019 Quae
2401 948 2452 1010 si
2492 948 2554 1010 iu
2593 948 2711 1010 de·-v

507 1044 937 1112 liberationem⁸
961 1062 1243 1108 vocamus
1263 1090 1282 1122 ,
1338 1043 1631 1108 accedere
1672 1045 1896 1125 aliquid,
1935 1045 2009 1108 ad
2050 1053 2314 1108 nostram
2354 1046 2715 1111 sententiam

509 1144 896 1221 arbitramur,
951 1143 1062 1205 sub
1117 1143 1318 1224 primis
1372 1144 1600 1206 vixisse
1651 1144 2009 1223 scriptorem
2056 1144 2509 1223 imperatoribus
2531 1190 2548 1221 ,
2610 1144 2714 1208 ubi

509 1260 807 1304 nanorum
857 1242 1313 1323 loculorumque
1367 1242 1602 1310 illorum
1657 1258 1804 1306 usus
1858 1242 2122 1308 nondum
2180 1243 2261 1304 ita
2321 1243 2712 1324 pervulgatus

511 1347 2716 1404 erat..

675 1436 955 1517 Sequitur
1013 1437 1227 1499 deinde
1285 1405 1445 1500 nova
1505 1389 1702 1517 aliqua
1758 1455 1968 1500 caussa
1990 1484 2008 1516 ,
2079 1437 2153 1500 de
2198 1456 2313 1518 qua
2371 1437 2444 1500 ad
2490 1438 2712 1519 priora,

512 1553 687 1615 quam
731 1537 886 1597 tertii
931 1536 1155 1597 saeculi
1197 1542 1467 1617 tempora
1508 1536 1866 1604 referendus
1910 1544 2003 1599 est
2043 1535 2119 1599 de
2158 1538 2511 1599 sublimitate
2538 1555 2713 1599 com-

509 1634 853 1698 mentarius.
938 1633 1232 1698 sectionis
1292 1635 1451 1698 enim
1509 1641 1758 1697 octavae
1801 1637 1861 1712 §.
1899 1635 1952 1696 1.
2009 1636 2315 1716 praeclare
2359 1636 2576 1713 docet,
2636 1653 2710 1696 eo

510 1740 782 1812 tempore
802 1778 820 1810 ‚
866 1750 986 1812 quo
1030 1733 1402 1813 conscriptus
1442 1734 1524 1796 sit
1555 1733 1752 1812 liber,
1775 1734 2125 1798 divisionem
2168 1735 2511 1815 figurarum,
2557 1752 2714 1814 quae

507 1838 649 1893 sunt
692 1830 1035 1916 σχήματα
1081 1829 1336 1913 λέξεως
1403 1829 1511 1895 καὶ
1573 1819 1905 1906 διανοίοις,
1975 1832 2236 1896 nondum
2300 1834 2374 1895 ab
2439 1833 2715 1894 omnibus

508 1929 868 1991 intellectam
913 1936 1095 2009 atque
1137 1929 1580 2010 comprobatam
1622 1937 1683 1991 et
1724 1932 1784 1993 in
1828 1932 1967 1992 artis
2000 1932 2337 1993 rhetoricae
2377 1932 2561 1993 libros
2604 1948 2713 1992 re-

510 2035 740 2108 ceptam
777 2023 980 2088 fuisse.
1063 2026 1255 2099 Quum
1302 2028 1456 2090 enim
1497 2029 1560 2089 in
1606 2035 1751 2090 sect.
1782 2028 1926 2090 VIII.
1965 2028 2046 2091 de
2083 2030 2345 2109 quinque
2387 2029 2711 2111 generibus

511 2132 612 2187 aut
653 2125 825 2204 quasi
866 2124 1132 2188 fontibus
1181 2126 1531 2205 loqueretur
1576 2128 1985 2206 sublimitatiS,
2047 2128 2278 2191 duobus
2328 2129 2453 2221 jam
2498 2127 2714 2209 expla-

511 2223 664 2286 natis
720 2222 822 2284 tali
880 2220 1058 2283 modo
1114 2225 1313 2304 pergit
1361 2231 1600 2287 auctor:
1660 2222 1848 2288 ”Αλλ
1897 2226 1965 2296 ai
2007 2226 2125 2305 μὲν
2173 2222 2288 2289 δύο
2338 2225 2540 2290 αὑται
2584 2225 2709 2289 τοῦ

514 2315 751 2402 ὕψους
814 2319 989 2384 κατὰ
1049 2318 1128 2386 τὸ
1190 2318 1396 2383 πλέον
1461 2315 1842 2403 αὐθιγενεῖς
1906 2320 2286 2392 συστάσεις·
2352 2325 2420 2385 αἱ
2478 2321 2716 2388 λοιπαὶ

514 2416 566 2482 δ’
598 2413 715 2502 ἤδη
775 2413 886 2479 καὶ
961 2413 1066 2478 διὰ
1136 2414 1483 2503 τέχνης,
1516 2414 1556 2503 ἥ
1616 2442 1689 2482 τε
1751 2422 1947 2483 ποιὰ
2021 2421 2179 2484 τῶν
2243 2418 2712 2505 σχημάτων

510 2513 847 2595 κλάσις,
907 2510 1136 2596 (δισσὰ
1182 2510 1249 2577 δέ
1302 2539 1439 2579 που
1499 2540 1721 2580 ταυτα
1766 2519 1849 2581 τὰ
1896 2516 2014 2600 μὲν
2057 2539 2385 2597 νοησεως,
2450 2517 2712 2601 θάτερα

513 2607 833 2693 λέξεως,)
881 2606 980 2672 ἐπι
1028 2606 1097 2672 δὲ
1137 2607 1416 2681 τούτοις
1455 2610 1491 2697 ἧ
1527 2615 1790 2693 γενναῖα
1830 2615 2106 2700 φράσις,
2149 2600 2260 2702 (ἧς
2301 2615 2462 2705 μέρη
2508 2615 2711 2678 πάλιν

515 2703 859 2786 ὀνομάτων
932 2732 1005 2770 τε
1086 2704 1370 2789 ἐκλογὴ,
1486 2711 1601 2772 καὶ
1667 2737 1703 2792 η
1758 2737 2045 2799 τροπικη
2123 2739 2232 2776 και
2307 2712 2709 2807 πεποιημένη

515 2802 784 2888 λέξις).
869 2806 1154 2870 Solebant
1195 2814 1427 2887 autem,
1472 2816 1538 2871 ut
1577 2810 1693 2873 hoc
1735 2819 1874 2874 ante
1912 2814 2108 2877 omnia
2135 2832 2441 2889 moneam;
2487 2812 2713 2896 (accu-

512 2905 697 2967 ratius
741 2905 896 2966 enim
941 2923 1285 2986 quaerere,-
1328 2909 1469 2988 quid
1525 2911 1602 2972 sit
1642 2913 1975 2977 sententiae
2019 2919 2118 2974 aut
2161 2914 2454 2975 sermonis
2500 2915 2714 2994 ligura,

514 3003 685 3065 abest
722 3022 756 3065 a
785 3003 1152 3088 proposit0,)
1180 3007 1252 3069 ab
1285 3009 1626 3073 rhetoribus
1657 3012 2076 3075 translationes
2104 3011 2368 3074 distribui
2396 3013 2455 3073 in
2488 3013 2716 3093 figuras

513 3103 940 3164 sententiarum
999 3109 1059 3165 et
1112 3105 1470 3182 verborum,
1538 3107 1867 3186 σχήματα
1915 3105 2168 3188 λέξεως
2215 3113 2323 3172 και·
2381 3109 2712 3184 &avolas-3

513 3219 723 3261 verum
778 3202 1011 3280 partitio
1073 3202 1223 3263 haec
1282 3218 1404 3264 non
1462 3204 1781 3284 antiquitus
1839 3215 2047 3288 coepta
2107 3215 2166 3270 et
2208 3211 2520 3271 constituta
2562 3217 2708 3286 erat,

514 3297 622 3360 sed
681 3298 920 3357 inventa
980 3298 1216 3376 quidem
1275 3300 1643 3382 probataque
1710 3306 1834 3386 jam
1897 3307 2139 3369 saeculo
2194 3308 2381 3388 primo
2444 3327 2495 3369 a.
2553 3308 2710 3386 Chr.‚

512 3401 710 3456 tamen
754 3394 827 3455 ab
870 3394 1014 3455 viris
1057 3395 1245 3459 doctis
1290 3416 1410 3460 non
1464 3408 1604 3463 ante
1658 3420 1871 3465 aevum
1928 3404 2254 3471 secundum
2311 3407 2710 3486 accipiebatur

513 3499 574 3555 et
617 3510 790 3572 quam
833 3492 1281 3574 religiosissime
1321 3498 1723 3576 retinebatur3
1785 3502 1945 3582 quod
1996 3501 2377 3580 Alexander,
2433 3504 2712 3568 Numenii

513 3580 664 3652 filius
692 3585 781 3671 ¹),
821 3592 1157 3673 reliquique
1184 3593 1479 3675 rhetores,
1525 3599 1627 3679 qui
1657 3599 1858 3663 insunt
1888 3600 2099 3663 Walzii
2122 3601 2274 3665 libro
2288 3601 2433 3664 VIII.
2469 3602 2576 3731 Rh.
2608 3602 2708 3666 Gr.

652 3838 707 3900 ι)
749 3837 1057 3888 Alexander
1109 3839 1455 3901 Numenius,
1522 3859 1555 3895 ιι
1623 3845 1899 3899 nonnullis
1955 3846 2215 3909 Numenii
2282 3847 2437 3899 filius
2504 3848 2704 3910 dictus,

508 3917 700 3972 floruit
751 3926 939 3972 aetate
988 3923 1382 3985 Antoninorum
1444 3925 1781 3994 scripsitque
1835 3932 1954 4000 περὶ
2002 3931 2105 3981 τῶν
2157 3931 2251 3999 τῆς
2302 3934 2527 3993 διανοίας
2576 3953 2708 4000 σχη-

507 4004 684 4058 μάτων
737 4007 817 4055 καὶ
867 4007 984 4075 περὶ
1038 4007 1143 4058 τῶν
1197 4008 1510 4077 τῆςιλέἕεως
1562 4014 1858 4079 σχημάτων.
1948 4016 2032 4077 Cf.
2070 4016 2137 4067 (le
2175 4033 2239 4068 eo
2284 4018 2464 4075 Walz.
2509 4017 2706 4073 Rhett.

507 4100 693 4152 graec.
731 4089 893 4143 Vm.
936 4092 1342 4156 wenta-mann,
1386 4094 1587 4148 Gesch.
1628 4097 1678 4151 d.
1716 4115 1800 4167 gr.
1842 4100 1971 4153 Ber.
2006 4103 2052 4164 §-
2096 4106 2180 4165 95,
2229 4108 2307 4158 13.
2346 4112 2405 4155 et
2441 4105 2486 4167 §.
2518 4109 2703 4166 104,7.
