3017 4825
1588 332 1681 404 18

524 554 946 626 stabiliendam.
1031 553 1111 615 At
1152 552 1452 613 neminem
1492 548 1721 630 fugiet,
1761 547 1946 610 hasce
1986 547 2257 628 talesque
2301 567 2549 616 caussas
2587 551 2756 619 nihil.

521 671 779 735 unquam
841 652 1045 714 valere
1067 698 1084 726 ‚
1148 658 1215 711 ut
1269 648 1422 711 liber
1475 653 1595 710 tam
1658 646 1937 709 excelsus
1998 647 2408 729 egregiusque
2450 649 2727 730 Longino

520 751 678 813 tertii
716 750 940 813 saeculi
981 747 1335 830 philosopho
1373 744 1725 807 vindicetur.
1789 745 1955 818 Quae
1986 761 2166 826 quum
2194 744 2273 807 ita
2315 747 2452 824 sint,
2492 747 2728 810 omissis

521 849 613 926 his
669 848 1065 928 disquiramus
1117 865 1276 908 nunc
1337 844 1649 907 doctorum
1704 843 2007 905 hominum
2061 843 2294 907 illorum
2349 845 2726 923 sententiam,

522 947 625 1027 qui
672 964 794 1009 non
835 947 1029 1008 solum
1084 944 1332 1021 librum,
1399 959 1516 1022 qua
1573 942 1635 1004 in
1698 960 1768 1004 re
1826 942 2004 1021 plane
2067 960 2200 1005 cum
2260 943 2333 1005 iis
2388 944 2725 1021 consentio,

522 1044 801 1127 Longino
842 1043 1218 1121 abdicabant,
1277 1041 1385 1105 sed
1429 1042 1627 1118 etiam,
1677 1041 1737 1102 in
1781 1040 1960 1104 dubia
1999 1058 2069 1102 re
2109 1041 2352 1105 nimium
2392 1041 2724 1123 progressi,

524 1144 698 1206 alium
758 1142 1053 1223 quendam
1103 1143 1289 1223 longo
1356 1145 1629 1220 tempore
1689 1146 1832 1201 ante
1891 1140 2191 1202 viventem
2249 1146 2313 1201 ut
2369 1141 2722 1220 scriptorem

522 1241 632 1302 sibi
692 1241 1013 1323 fingebant.
1119 1241 1320 1320 Atque
1371 1239 1433 1300 in
1493 1238 1586 1300 his
1643 1239 1892 1317 primum
1956 1238 2153 1302 locum
2193 1245 2359 1302 tenet
2402 1238 2722 1303 acutissimi

520 1340 747 1422 ingenii
789 1340 884 1402 vir
937 1347 1116 1421 atque
1160 1344 1368 1400 auctor
1410 1336 1788 1398 dubitationis
1842 1336 2023 1400 totius
2064 1336 2463 1418 Hieronymus
2506 1336 2720 1400 Amati.

519 1438 853 1501 Praeterire
913 1453 1233 1520 possumus
1255 1480 1272 1512 ,
1357 1433 1520 1513 quod
1585 1434 1679 1495 vir
1744 1433 2120 1500 doctissimus
2184 1434 2260 1496 de
2333 1434 2722 1514 inscriptione

522 1535 881 1597 Διονυσίου
931 1530 969 1616 ἢ
1015 1537 1351 1615 Λογγίνου
1407 1532 1714 1610 disseruit,
1780 1550 1921 1596 num
1980 1533 2226 1596 omnino
2276 1532 2390 1595 dici
2431 1532 2724 1613 potuisset

519 1630 839 1713 Dionysius
880 1630 1120 1694 Cassius
1163 1630 1499 1712 Longinus:
1557 1629 1745 1707 haec,
1805 1631 2003 1692 sintne
2057 1649 2203 1694 vera
2261 1648 2495 1709 annon,
2551 1635 2720 1694 certe

518 1730 709 1792 aliena
746 1737 886 1792 sunt
929 1748 962 1794 a
1005 1736 1213 1796 nostro
1257 1729 1583 1811 proposito
1666 1729 1864 1791 Amati
1916 1735 2156 1809 nutem,
2219 1736 2287 1793 ut
2336 1729 2452 1791 boc
2494 1735 2719 1792 tantum

518 1827 767 1906 addam,
832 1847 912 1890 ex
970 1830 1097 1890 suis
1154 1827 1520 1909 argumentis
1576 1825 1907 1906 concludit,
1978 1846 2160 1908 quum
2223 1847 2303 1889 ex
2359 1841 2718 1908 graecorum

515 1927 819 2003 nominum
885 1945 1054 1990 more
1129 1944 1201 1988 ac
1263 1926 1642 1989 similitudine
1724 1926 1886 1989 nullo
1970 1926 2152 1992 modo
2232 1926 2494 2007 potuerit
2562 1925 2714 2005 legi:

511 2025 835 2108 Dionysius
873 2026 1181 2106 Longinus
1202 2073 1219 2097 ‚
1267 2026 1518 2087 alterum
1563 2043 1641 2088 ex
1679 2024 1771 2087 his
1815 2026 2154 2090 nominibus
2193 2043 2301 2106 pro
2345 2024 2549 2105 spurio
2593 2023 2711 2104 eji-

513 2123 787 2186 ciendum
843 2140 1022 2199 esse,
1081 2129 1142 2183 et
1196 2122 1436 2203 quidem
1490 2123 1749 2204 Longini
1804 2142 2056 2202 nomen,
2119 2141 2320 2205 quum,
2347 2142 2383 2187 a
2434 2122 2712 2203 Longino

511 2222 677 2283 nullo
736 2220 914 2284 modo
969 2220 1341 2301 conscriptus
1399 2237 1542 2284 esse
1591 2222 1782 2303 possit
1837 2223 2106 2299 libellus3
2171 2229 2474 2286 auctorem
2517 2220 2711 2301 ‚igitur

509 2320 643 2383 libri
672 2321 928 2403 appellat
954 2319 1307 2401 Dionysium
1347 2326 1413 2381 et
1434 2320 1591 2382 inter
1621 2322 1895 2384 celebres
1937 2322 2113 2405 hujus
2131 2381 2136 2384 ,
2154 2322 2407 2385 neminis
2449 2319 2707 2399 scripto-

509 2437 612 2482 res
651 2418 1000 2500 Dionysium
1026 2418 1616 2483 Halicarnassensem
1656 2421 1813 2484 hunc
1853 2421 1929 2484 de
1969 2422 2325 2485 sublimitate
2366 2435 2706 2483 sermonem

507 2517 837 2579 instituisse
869 2517 1205 2594 contendit3
1252 2519 1478 2582 caussis
1508 2521 1844 2584 sententiae
1886 2538 2033 2585 suae
2073 2538 2218 2583 usus
2261 2521 2321 2583 in
2364 2519 2705 2582 universum

505 2613 576 2677 iis
619 2616 928 2693 omnibuS,
989 2614 1204 2696 quibus
1247 2624 1483 2679 nosmet
1534 2618 1649 2697 ipsi
1706 2617 1779 2680 ad
1821 2617 2186 2698 probandam
2235 2618 2369 2681 libri
2411 2616 2703 2698 originem

504 2713 687 2774 multo
731 2712 1126 2792 antiquiorem
1182 2714 1427 2776 saeculo
1481 2715 1658 2776 tertio
1719 2715 1973 2778 nitimur.
2071 2716 2322 2797 Insuper
2360 2734 2472 2797 pro
2516 2732 2704 2796 argu-
2765 2724 2772 2731 ’

504 2816 707 2871 mento
770 2808 958 2887 addit,
1043 2810 1203 2890 quod
1264 2812 1618 2892 scriptorum
1683 2832 1718 2877 a
1783 2814 2266 2898 Pseudolongino
2323 2822 2470 2879 sect.
2512 2812 2618 2895 39,
2665 2813 2695 2875 1

503 2913 996 2970 memoratorum:
1057 2906 1497 2994 συντάγματα
1549 2905 1665 2974 δύο
1711 2909 1859 2995 περὶ
1906 2909 2252 2987 ὀνομάτων
2296 2912 2700 2985 συνθέσεως,

501 3023 683 3067 unum
724 3005 961 3085 quidem
1008 3005 1198 3068 adhuc
1238 3013 1435 3068 exstet
1487 3008 1645 3070 inter
1702 3025 1888 3088 opera
1927 3009 2194 3092 Dionysii
2235 3009 2702 3085 Halicarnassei3

500 3102 714 3165 deinde
757 3104 915 3183 quod
965 3105 1130 3184 „ipse
1173 3105 1401 3184 stylus“
1448 3102 1625 3186 (sunt
1665 3105 1816 3168 haec
1856 3108 2010 3170 illius
2049 3106 2295 3191 verba),
2341 3127 2451 3186 „ac
2486 3108 2702 3183 modus

496 3200 738 3280 legendi
777 3199 1058 3282 grandis,
1112 3201 1329 3277 virilis,
1375 3204 1897 3284 castigatissimuS,
1944 3207 2130 3287 longe
2173 3213 2437 3270 remotus
2480 3206 2553 3268 ab
2595 3205 2698 3267 illo

497 3296 820 3376 sophistico
863 3304 925 3360 et
965 3297 1192 3377 fracte,
1240 3299 1340 3379 qui
1383 3318 1536 3363 aevo
1581 3301 1909 3365 Aureliano
1949 3305 2223 3383 vigebat,
2265 3304 2717 3385 pusillanimem,

495 3395 760 3457 criticum
829 3396 1138 3477 impellere
1199 3397 1490 3476 debebat,
1549 3406 1614 3462 ut
1665 3402 1956 3486 Dionysio
2014 3402 2328 3485 Augusteo
2374 3420 2526 3483 opus
2579 3393 2728 3463 ὴοσ

493 3492 891 3558 indubitanter
936 3495 1302 3558 adsereret“.
1385 3496 1469 3558 At
1509 3498 1810 3564 mehercle
1839 3502 2035 3564 Amati
2076 3500 2138 3563 in
2177 3501 2270 3563 his
2312 3502 2502 3582 magis
2539 3516 2689 3559 con-

482 3592 885 3671 jecturarum,
965 3611 1139 3673 quam
1200 3594 1466 3657 veritatis
1529 3604 1792 3661 sectator
1865 3598 2172 3662 habendus
2191 3619 2209 3673 3
2273 3616 2453 3660 nemo
2511 3595 2685 3672 enim,

491 3688 592 3766 qui
647 3706 923 3769 unquam·
964 3690 1176 3753 librum
1231 3691 1501 3774 Dionysii
1557 3695 2099 3780 Halicarnassensis
2149 3697 2424 3758 manibus
2480 3694 2689 3771 tenuit,

484 3785 640 3848 illius
724 3788 1025 3851 scribendi
1105 3791 1396 3854 rationem
1488 3794 1775 3874 grandem
1875 3814 1947 3858 ac
2036 3795 2265 3857 virilem
2337 3792 2690 3866 nominabit3

484 3890 546 3943 at
584 3884 717 3946 libri
776 3885 922 3972 περὶ
984 3883 1222 3966 ὕψους
1277 3890 1589 3953 sublimem
1648 3899 1827 3972 atque
1882 3895 2111 3956 virilem
2173 3894 2435 3973 speciem
2496 3907 2693 3953 unus-

483 3981 736 4062 quisque
783 3986 956 4047 etiam
1002 3985 1195 4049 obiter
1247 3986 1307 4050 in
1369 4006 1444 4050 eo
1503 3998 1777 4054 versatus
1819 4001 2142 4075 agnoscet:
2207 3992 2475 4074 Dionysii
2518 3989 2692 4052 Hali-

479 4084 887 4145 camassensis
963 4084 1152 4163 stylus
1225 4103 1375 4147 sane
1432 4089 1925 4169 castigatissimus
1984 4101 2078 4157 est
2090 4114 2110 4168 3
2196 4088 2683 4169 Pseudolongino
