3017 4825
1537 278 1640 352 24

493 516 651 578 quae
691 506 751 561 et
788 500 1056 562 siccitate
1099 496 1387 560 orationis
1432 502 1494 558 et
1535 512 1739 557 rerum
1779 492 2088 574 tenuitate,
2131 514 2210 558 ne
2250 496 2462 576 dicam,
2504 498 2714 560 inani-

495 603 616 657 tate
678 616 750 660 ac
821 598 1216 680 perversitate
1293 601 1356 657 et
1432 595 1684 676 mystica
1751 592 2163 677 philosophiae
2229 595 2283 657 N
2287 596 2709 678 eoplatonicae

497 696 923 780 superstitione
964 696 1304 771 excellunt,
1348 693 1544 756 statim
1586 691 1865 772 Longino
1907 692 2356 756 valedicendum
2400 696 2546 757 erit:
2604 694 2717 776 qui

500 793 657 856 enim
692 792 1092 877 σχόλια,ει’ς
1139 789 1219 856 τὸ
1252 790 1377 854 τοῦ
1420 788 1931 867 Ἡφαιστίωνος
1976 787 2374 874 ἐγχειρέδρον
2420 799 2522 856 aut
2555 790 2713 880 ’περὶ

500 885 778 955 ἐθνικῶν
822 893 1010 954 libros
1040 889 1349 967 confecit,
1408 887 1779 968 non„1›otuit
1831 894 2144 951 tractatum
2195 888 2356 951 hunc
2393 890 2710 954 sublimem

501 986 578 1052 de
601 989 959 1052 sublimitate
983 1006 1361 1070 componere.
1448 986 1700 1048 Tantum
1731 1002 1881 1065 opus
1911 987 2141 1068 jejunis
2183 985 2297 1049 illis
2340 989 2713 1069 temporibus

499 1091 562 1146 et
601 1085 858 1167 ingeniis
899 1106 1095 1168 paene
1148 1083 1413 1148 infractis
1471 1090 1533 1145 et
1574 1084 1945 1146 alienissimis
2001 1084 2076 1146 ab
2107 1103 2265 1146 vero
2333 1092 2711 1166 strenuoque

501 1183 698 1248 studio
742 1185 1073 1249 rhetorices
1111 1184 1316 1266 perfici
1361 1200 1484 1244 non
1526 1188 1762 1262 poterat
1773 1202 1793 1257 3
1850 1200 2146 1248 summum
2206 1184 2363 1245 enim
2423 1185 2712 1265 quodque

499 1281 805 1362 ingenium
847 1285 1130 1366 imprimis
1181 1284 1242 1344 in
1285 1282 1399 1343 hac
1438 1280 1739 1342 rhetorica
1779 1287 1909 1342 >arte
1952 1282 2204 1344 meliore
2243 1289 2467 1348 tantum
2507 1283 2715 1346 existit

500 1380 758 1444 fortuna.
844 1384 1042 1458 Quare
1085 1382 1429 1463 Longinum,
1464 1380 1677 1442 librum
1726 1378 2063 1443 confecisse
2107 1378 2252 1464 περὶ
2300 1377 2560 1459 ὕψους,
2615 1381 2713 1442 cui

503 1480 822 1560 credibile,
880 1484 1061 1544 immo
1104 1481 1299 1543 etiam
1354 1479 1677 1542 verisimile
1741 1484 1965 1539 tontum
2030 1478 2218 1541 videri
2277 1485 2500 1561 potest,
2560 1477 2714 1562 (nisi

501 1576 783 1642 historica
824 1580 1182 1651 documenta
1222 1579 1420 1641 omnia
1465 1577 1610 1640 illud
1651 1574 2064 1659 confirmatum
2113 1596 2257 1639 eum
2297 1578 2505 1640 hercle
2546 1597 2713 1640 nun·-

504 1692 684 1754 quam
724 1695 809 1739 eov
846 1695 967 1758 quo
1007 1697 1116 1758 par
1163 1684 1254 1739 est
1298 1677 1494 1738 animo
1540 1676 1812 1755 antiquas
1855 1675 2086 1738 litteras
2147 1691 2328 1739 manu
2387 1682 2714 1757 menteque

499 1776 875 1856 pervolvisse
921 1775 1352 1840 contendimus·
2147 1812 2152 1816 ·

667 1875 898 1937 Deinde
937 1876 1212 1957 sequitur
1255 1871 1675 1957 gravissimum
1726 1874 2140 1952 argumentum
2194 1875 2403 1934 oontra
2441 1868 2714 1951 Neopla-

501 1972 767 2034 tonicum
806 1973 967 2036 illum
1006 1973 1377 2054 Longinum,
1438 1968 1604 2050 quod
1653 1985 1832 2032 nemo
1877 1974 2149 2029 veterum
2169 2014 2186 2045 ,
2245 1984 2498 2047 quorum
2554 1969 2713 2031 haud

501 2070 677 2152 pauci
714 2088 921 2131 curam
964 2088 1133 2134 suam
1175 2070 1258 2132 illi
1298 2066 1755 2151 impendebant,
1811 2067 1969 2128 inter
2022 2066 2200 2145 hujus
2242 2066 2461 2145 scripta
2498 2067 2712 2130 excel-

502 2166 720 2234 sissimi
761 2169 962 2248 operis
1015 2166 1162 2252 περὶ
1222 2162 1463 2248 ὕψους
1516 2165 1881 2228 mentionem
1931 2164 2211 2241 inchoet,
2267 2165 2502 2235 etiamsi
2545 2167 2709 2229 nullo

503 2264 684 2330 modo
734 2266 1041 2347 scriptoris
1078 2281 1374 2342 summum
1418 2279 1570 2343 opus
1624 2263 2015 2343 praetermitti
2059 2261 2299 2342 debuit,
2361 2266 2713 2344 praesertim

504 2381 688 2445 quum
722 2365 1013 2429 levissimi
1047 2371 1229 2444 atque
1264 2361 1568 2426 exilissimi
1598 2361 2001 2425 commentarii
2029 2367 2515 2441 recenserentur,
2539 2363 2710 2427 inter

507 2480 661 2543 quos
700 2464 800 2544 pg.
835 2464 1151 2543 superiore
1192 2461 1419 2524 scholia
1459 2460 1564 2525 illa
1596 2462 1660 2522 in
1694 2459 2151 2542 Hephaestionis
2189 2459 2573 2525 enchiridium
2611 2468 2713 2527 aut

503 2555 653 2643 περὶ
701 2557 1017 2644 ἐθνικῶν,
1062 2557 1286 2640 λέξεις
1310 2558 1749 2639 ,Ἀντιμάχου
1800 2558 1909 2621 καὶ
1956 2554 2432 2640 “Ηρακλὲωυος
2478 2578 2713 2623 memo-

502 2662 634 2719 rata
674 2664 814 2720 sunt
841 2656 927 2740 1).
1022 2659 1237 2738 Neque
1294 2657 1451 2720 enim
1509 2655 1760 2733 Suidas,
1817 2655 1917 2736 qui
1974 2654 2108 2719 fere
2164 2657 2360 2719 omnia
2415 2657 2565 2720 haec
2589 2677 2710 2721 ‚re-

507 2761 747 2832 censet,
788 2757 923 2817 libri
960 2753 1107 2837 περὶ
1159 2751 1399 2835 ὕψους
1442 2754 1751 2830 meminit3
1790 2759 1931 2816 sunt
1972 2755 2131 2815 enim
2175 2754 2309 2835 ejus
2347 2773 2397 2817 s.
2443 2775 2498 2816 v.
2539 2760 2713 2837 Amy-

506 2849 690 2930 γῖνος
733 2853 884 2917 haec
926 2853 1147 2923 verba:
1176 2845 1507 2935 f'Eypasss
1548 2851 1694 2934 περὶ
1743 2852 1867 2915 τοῦ
1917 2854 2094 2914 κατὰ
2145 2849 2429 2919 Φειδίου.
2465 2850 2707 2936 (legasz

506 2948 786 3016 Μειδίου
833 2953 1253 3036 intelligensque
1284 2950 1709 3017 Demosthenis
1743 2949 2061 3013 Midianam
2105 2947 2474 3034 orationem)
2513 2953 2708 3016 „dn-0·

509 3048 772 3131 ρὴματα
830 3050 1185 3138 Ὁμηρικὰ.
1256 3051 1313 3114 εἰ
1391 3049 1793 3131 φιλόσοφος
1836 3045 2180 3132 ’Όμηροςω
2247 3048 2705 3133 προβλήματα

505 3142 810 3232 Ὀμήρου
846 3149 954 3212 καὶ
987 3145 1217 3216 λύσεις
1249 3145 1311 3231 ἐν
1343 3147 1653 3222 βιβλίοις,
1682 3141 1775 3223 β’.
1824 3147 1971 3208 τίνα
2016 3149 2196 3231 παρὰ
2233 3151 2366 3218 τὰς
2411 3149 2711 3233 ἱστορίας

511 3243 574 3304 οἱ
615 3244 1071 3329 γραμματικοὶ
1131 3239 1222 3315 ὡς
1286 3246 1597 3330 ἱστορικὰ
1659 3241 2084 3329 ἐξηγοῦνται.
2148 3242 2297 3328 περὶ
2353 3248 2490 3308 τῶν
2558 3244 2710 3329 παρ’

505 3336 782 3424 Ὁμήρῳ
829 3340 1064 3406 πολλὰ
1114 3345 1574 3426 σημαινουσῶν
1624 3339 1875 3423 λέξεων
1927 3337 1996 3405 δ’.
2086 3338 2407 3404 Ἀττικῶν
2457 3341 2707 3426 λέξεων

509 3431 776 3507 ἔκὸοσις
810 3436 879 3517 β’
947 3438 1066 3505 εἰσὶ
1117 3438 1184 3504 δὲ
1228 3445 1408 3504 κατὰ
1459 3437 2541 3524 στοιχεῖον..λέξειςἈντιμὰχου
2602 3443 2708 3503 καὶ

505 3530 982 3617 Ἡρακλέωνος
1041 3536 1150 3603 καὶ
1211 3533 1727 3614 ἄλλαῖπολλὰς
1795 3538 2415 3620 nequePorphyrius
2475 3541 2538 3602 in
2591 3541 2709 3602 vita

504 3633 818 3719 Plotini2)‚
859 3640 1029 3720 cujus
1064 3645 1124 3700 et
1153 3639 1335 3701 multa
1377 3646 1437 3701 et
1466 3640 1774 3720 praeclare
1822 3638 1974 3699 dicta
2018 3637 2094 3700 de
2131 3638 2408 3718 Longino
2454 3641 2711 3720 ejusque

507 3734 789 3815 operibus
833 3744 1007 3817 sunt,
1051 3757 1129 3801 ne
1170 3738 1359 3801 verbo
1404 3739 1642 3819 quidem
1685 3737 1938 3816 indicat,
2000 3735 2077 3798 de
2121 3736 2224 3798 tali
2264 3755 2335 3799 re
2373 3734 2710 3820 Longinum

647 3991 702 4053 1)
744 3989 828 4044 Cf.
867 3988 934 4039 de
971 3987 1059 4039 his
1093 3986 1490 4053 similibusque
1527 3983 1690 4036 libris
1730 3981 1966 4053 Longini
2002 3980 2231 4039 Ruhuk.
2265 3984 2396 4041 diss.
2429 3986 2479 4050 S.
2513 3942 2669 4037 ¹XIV.

643 4076 701 4131 2)
743 4073 1016 4141 Porphyr.
1057 4090 1109 4127 v.
1155 4071 1302 4124 mot.
1342 4088 1435 4140 pg.
1482 4074 1612 4132 1163
1659 4069 1878 4150 Ruhnk.
1916 4067 2044 4121 dies.
2083 4084 2176 4139 pg.
2215 4070 2365 4125 civ,
