3017 4825
1370 358 1462 430 19

312 586 512 641 autem
554 574 694 641 illud
733 577 924 656 ipsum
973 574 1213 654 saepius
1253 574 1482 636 crimini
1527 573 1725 636 datum
1771 580 1884 653 est,
1930 576 2092 657 quod
2123 596 2245 642 non
2277 595 2515 666 semper

313 679 391 739 sit
419 694 603 759 purus
644 676 912 755 liberque
959 689 994 734 a
1037 673 1196 734 vitiis
1233 671 1588 752 mendisque
1620 674 1927 754 orationiS,
1972 693 2325 757 quamquam
2366 681 2516 746 haec

315 776 443 856 ipsa
499 775 560 836 in
619 772 869 835 dicendo
934 771 1304 852 negligentia
1361 777 1546 849 atque
1611 773 1836 835 incuria
1898 776 2247 855 saepissime
2315 783 2515 863 magni

314 874 535 955 ingenii
562 873 937 953 spiritusque
975 868 1156 932 divini
1200 886 1341 931 esse
1380 869 1588 930 soleat„
1687 870 2101 936 Alienissimus
2153 876 2335 957 igitur
2390 897 2515 943 non

309 973 503 1035 solum
547 972 835 1034 orationis
877 985 1147 1049 genere,
1203 964 1315 1027 sed
1370 966 1549 1027 etiam
1601 967 1843 1048 ingenio
1886 970 2038 1033 liber
2078 975 2225 1057 περὶ
2272 970 2515 1058 ὕψου-ς

309 1076 557 1153 apparet
597 1070 674 1132 ab
715 1066 920 1129 indole
950 1064 1222 1145 Dionysii
1249 1064 1784 1148 Halicarnassei1).
1866 1067 2086 1129 Verum
2131 1070 2292 1149 quod
2318 1072 2515 1139 Amati

309 1170 388 1232 de
450 1167 875 1249 συντάγμασι
941 1159 1084 1225 δυσὶ
1147 1162 1290 1244 περὶ
1360 1159 1709 1245 ὀνομάτων
1780 1163 2157 1235 συνθέσεως
2213 1175 2512 1254 proponit,

309 1280 564 1347 prorsus
607 1260 897 1337 concidit3
934 1277 1134 1341 neque
1179 1260 1334 1321 enim
1379 1279 1480 1339 ea,
1528 1279 1643 1340 qua
1688 1260 1986 1323 hominem
2032 1265 2295 1329 criticum
2337 1270 2516 1335 decet

315 1361 622 1444 diligentia
687 1360 882 1422 locum
935 1357 1191 1441 Longini
1267 1359 1465 1420 animo
1534 1357 1868 1440 pendebat,
1945 1360 2045 1439 qui
2104 1370 2197 1425 est
2248 1364 2308 1427 in
2366 1376 2517 1433 sect.

315 1459 579 1537 XXXIX,
627 1459 697 1521 1:
739 1456 824 1522 H
862 1456 1130 1543 πέμπτη
1173 1457 1372 1544 μοῖρα
1418 1455 1759 1532 λείπεται,
1826 1484 1873 1521 ω
1926 1454 2280 1544 κράτιστε,
2321 1462 2362 1547 ἦ
2406 1464 2512 1530 διὰ

316 1562 447 1623 τῶν
493 1556 716 1631 λόγων
763 1550 938 1637 αὕτη
984 1553 1148 1619 ποιὰ
1208 1552 1548 1624 σύνθεσις·
1617 1548 1782 1638 ὑπὲρ
1848 1540 1927 1642 ἧς
1986 1553 2048 1619 ἐν
2109 1554 2293 1622 δυσὶν
2350 1562 2515 1628 ἁπο-

310 1654 645 1742 ’χρώντως
687 1652 1196 1724 ἀποδεδωκότες
1235 1651 1718 1736 συντάγμασιν,
1766 1651 1891 1717 ὅσα
1946 1675 2022 1733 γε
2069 1657 2195 1735 τῆς
2222 1662 2515 1743 θεωρίας

315 1744 390 1840 ἧν
439 1752 586 1839 ἡμῖν
634 1750 886 1824 ἐφικτὰ
933 1758 1047 1813 etc.
1065 1795 1084 1829 ,
1162 1752 1421 1831 scriptor
1475 1752 1659 1829 igitur
1715 1750 1853 1810 citat
1902 1750 2089 1811 libros
2148 1762 2306 1814 duos
2368 1756 2515 1843 περὶ

313 1848 409 1913 λ
375 1874 578 1932 ογων
628 1848 1032 1921 συνθέσεως,
1072 1847 1150 1911 de
1188 1848 1615 1910 sententiarum
1660 1848 2115 1927 compositione,
2159 1866 2281 1912 non
2320 1859 2517 1918 autem

313 1968 511 2011 unum
548 1949 762 2011 librum
808 1965 882 2010 eo
923 1948 1114 2026 titulo,
1158 1964 1278 2027 quo
1319 1941 1591 2029 Dionysii
1646 1962 1796 2026 opus
1854 1950 2081 2008 exstat:
2138 1944 2286 2032 περὶ
2347 1947 2514 2016 ὀνο-

313 2047 606 2131 μάτων
670 2045 1088 2121 συνθέσεως;
1171 2064 1250 2107 ex
1317 2046 1532 2125 quibus
1594 2045 1729 2106 luce
1798 2044 2017 2107 clarior
2072 2043 2288 2108 Amatii
2344 2067 2519 2114 error

312 2152 490 2227 patet.
554 2146 875 2209 Praeterea
914 2146 1016 2225 qui
1055 2145 1314 2208 rhetoris
1337 2145 1878 2206 Halicarnassensis
1918 2144 2136 2223 scripta
2177 2156 2519 2228 recensent,

313 2247 657 2324 neutiquam
709 2246 866 2306 inter
923 2263 995 2306 ea
1045 2243 1320 2306 referunt
1363 2251 1633 2306 nostrum
1688 2243 1935 2320 librum,
1998 2242 2158 2322 quod
2206 2252 2371 2308 certe
2419 2247 2520 2309 se·-

315 2345 573 2423 cissent,
635 2361 812 2422 quum
849 2343 977 2423 jam
1017 2343 1078 2404 in
1125 2344 1471 2424 antiquitate
1515 2342 1656 2404 nihil
1698 2341 1968 2403 crebrius
2026 2347 2205 2421 atque
2248 2344 2520 2408 usitatius

319 2447 502 2519 esset,
546 2459 724 2520 quam
763 2441 1054 2520 Dionysio
1097 2440 1573 2519 Halicarnasson,
1622 2459 1798 2520 quem
1830 2441 2143 2503 constabat
2186 2441 2520 2507 rhetorices

318 2541 500 2601 multa
551 2543 876 2616 tractasse,
947 2538 1178 2616 omnia,
1267 2554 1522 2619 quorum
1589 2545 1798 2600 auctor
1870 2539 2164 2619 effugerat
2216 2541 2519 2605 hominum

320 2638 700 2714 memoriam,
765 2653 1040 2698 asserere
1049 2657 1068 2712 3
1126 2637 1280 2699 sicut
1340 2638 1510 2699 verbi
1569 2654 1780 2699 caussa
1840 2636 2176 2699 dissertatio
2230 2639 2525 2702 Plutarchi

319 2737 395 2800 de
452 2737 715 2798 Homero
775 2755 810 2797 a
870 2735 1066 2797 multis
1117 2736 1408 2817 Dionysio
1470 2736 1838 2798 tribuebatur
1859 2735 1950 2818 ²).
2058 2736 2304 2816 Neque,
2367 2756 2523 2818 quae

317 2842 630 2916 praeterea
669 2833 1188 2915 Pseudolonginus
1230 2835 1449 2914 scripta
1469 2832 1540 2912 ³)
1584 2835 1645 2894 in
1685 2835 1836 2895 libro
1881 2839 2012 2914 ipso
2054 2842 2119 2896 ut
2161 2853 2196 2896 a
2238 2853 2308 2898 se
2350 2854 2523 2898 com-

321 2935 512 3013 posita
540 2934 864 2995 memoriae
897 2932 1113 3013 prodit,
1158 2932 1231 2993 ab
1264 2932 1388 2994 ullo
1430 2932 1589 2992 inter
1618 2931 1886 3011 Dionysii
1908 2933 2092 2992 Halic.
2136 2934 2526 2995 nominantur.

467 3268 521 3321 1}
556 3267 644 3318 Cf.
682 3265 908 3316 Weiske
945 3265 999 3316 in
1038 3264 1122 3320 ed.
1179 3284 1232 3334 p.
1269 3272 1400 3323 2182
1459 3264 1723 3334 „Spiritu
1771 3264 1917 3318 enim
1956 3265 2236 3337 animique
2284 3268 2520 3337 impetu,

327 3347 588 3401 universa
622 3348 889 3399 orationis
929 3350 1142 3412 forma,
1197 3351 1498 3402 verborum
1540 3349 1677 3402 artis
1714 3368 1849 3414 usu,
1902 3350 2188 3419 variisque
2232 3357 2296 3401 tte
2340 3373 2524 3405 rerum

327 3438 525 3484 natura
558 3431 826 3496 judiciis,
881 3433 928 3484 si
967 3434 1154 3485 dicere
1207 3434 1376 3495 licet,
1434 3437 1577 3502 quod
1619 3436 1832 3493 sentin,
1886 3434 2208 3503 longissime
2248 3437 2416 3489 [liuh-n
2456 3441 2528 3489 ab

330 3519 512 3572 nante.
554 3517 820 3586 Dionysio
858 3518 948 3569 bic
987 3528 1195 3579 noster,
1231 3520 1276 3570 si
1318 3537 1560 3587 unquam
1597 3519 1915 3588 appellatus
1954 3520 2126 3572 fuerit
2163 3521 2528 3589 Dionysium&

463 3607 527 3664 2)
559 3604 682 3661 1350,-
706 3601 926 3672 Ὁμήρου
962 3604 1049 3657 ed.
1087 3603 1231 3656 Gale
1267 3621 1450 3671 opusc.
1491 3605 1727 3673 mythol.
1772 3604 2003 3658 Anu-tel.
2047 3610 2192 3661 1688.

465 3690 524 3753 3)
563 3686 706 3740 Sunt
743 3697 932 3740 nutem
986 3691 1104 3759 περὶ
1157 3688 1469 3748 Ξενοφῶντος
1522 3700 1654 3742 sect.
1698 3687 1846 3749 vlu,
1891 3697 1909 3742 l
1968 3695 2027 3740 et.
2078 3706 2135 3742 π.
2188 3693 2410 3745 παθῶν,
2464 3691 2528 3749 ai,

330 3772 474 3838 qnod
512 3775 618 3824 snb
658 3771 823 3823 finem
866 3771 997 3824 libri
1035 3775 1316 3826 facturum
1353 3790 1414 3824 sc
1452 3773 1699 3825 affirmet
1737 3776 1895 3837 (sect.
1939 3771 2180 3838 XMV),
2224 3777 2288 3820 fle
2332 3773 2432 3821 hm:
2472 3789 2528 3821 re

329 3856 609 3912 disseruit.
686 3858 794 3909 Hic
845 3858 1091 3912 sufficiat
1143 3857 1368 3927 insuper
1423 3857 1773 3918 meminisse,
1852 3856 2352 3921 Pseudolonginmn
2416 3873 2532 3905 eene

335 3941 684 3994 Plutonicum
739 3945 839 4008 (vs.
894 3951 1088 4011 postea
1141 3963 1234 4014 με.
1287 3949 1419 4009 71),
1505 3941 1835 4011 Dionysium
1893 3942 2019 3993 nal.
2082 3957 2216 3991 vern
2268 3937 2536 4006 singulari

331 4025 516 4078 libro:
569 4027 812 4094 ἐπιστολή
848 4030 975 4098 πρὸς
1008 4032 1201 4080 Γναῖον
1246 4030 1571 4096 Πομπήϊον,
1628 4034 1820 4078 eontra
1874 4023 2204 4091 Pompeium
2260 4042 2420 4074 sunam
2476 4026 2544 4074 de*

335 4107 692 4176 1¹¹¹3¹⁰⁸⁰Phin
733 4111 1025 4165 Platonica
1061 4113 1335 4178 indicium
1375 4113 1528 4164 hand
1566 4110 1903 4162 benevolum
1944 4106 2272 4159 defendis-e.

2132 4203 2216 4262 22*
