3017 4825
1378 339 1467 412 21

317 565 384 621 ut
424 575 577 639 opus
620 558 694 620 ab
735 557 837 618 illo
881 556 961 618 sit
1019 553 1395 633 confectum,
1460 574 1618 636 quae
1675 558 1850 620 etiam
1907 558 2195 642 Dionysio
2254 559 2525 621 Halicar-

319 675 538 719 nasseo
585 663 646 718 et
687 655 923 718 cuilibet
980 653 1075 715 alii
1142 652 1411 733 ejusdem
1469 657 1787 736 temporis,
1849 658 2164 737 quominus
2222 676 2400 721 unum
2446 677 2528 719 ex

319 755 412 817 his
444 755 801 835 'scriptorem
845 747 976 814 libri
1020 750 1378 830 habeamus,
1421 745 1843 833 impedimento
1887 760 2040 817 sunt.

482 853 701 913 Verum
764 850 1137 930 propositum
1195 848 1335 909 milii
1399 856 1552 927 est,
1607 865 1727 913 non
1788 852 1982 914 solum
2043 851 2524 915 adversariorum

319 949 627 1030 opiniones
679 948 1049 1030 argumentis
1109 947 1409 1025 refutare,
1483 947 1591 1009 sed
1643 952 1852 1028 etiam,
1937 958 2217 1031 quantum
2272 952 2519 1032 possim,

315 1048 693 1130 diligentiore
735 1047 933 1109 habita
976 1045 1108 1106 libri
1151 1046 1335 1124 ipsius
1372 1043 1520 1129 περὶ
1558 1039 1795 1125 ὕψους
1837 1048 2245 1128 disquisitione
2286 1049 2520 1109 exami-

316 1164 497 1224 nare,
552 1161 697 1209 num
759 1143 1019 1207 sortasse
1081 1161 1160 1205 ex
1202 1143 1386 1223 ipsius
1430 1148 1532 1204 aut
1573 1144 1774 1206 verbis
1818 1152 1917 1208 aut
1955 1146 2156 1208 indole
2205 1148 2384 1209 liceat
2442 1146 2518 1208 de

313 1252 564 1307 auctore
607 1244 738 1325 ipso
783 1249 844 1304 et
885 1240 961 1303 de
1004 1247 1277 1321 tempoc,
1323 1259 1447 1322 quo
1484 1243 1831 1324 scripserit,
1878 1247 2183 1324 explorata
2226 1246 2516 1327 quaedam

316 1344 624 1425 colligere.
705 1339 948 1404 Etiamsi
1007 1340 1162 1401 enim
1218 1357 1439 1402 nomen
1504 1341 1698 1421 ipsum
1762 1345 2024 1405 auctoris
2085 1344 2144 1404 in
2205 1350 2514 1405 aeternum

316 1440 616 1503 homiuum
660 1440 925 1502 notitiam
988 1437 1273 1520 effugiet,
1342 1440 1458 1501 nisi
1505 1457 1649 1502 casu
1691 1439 1851 1503 felici
1890 1443 2172 1521 eripiatur
2212 1442 2516 1518 oblivioni,

318 1546 482 1601 certe
522 1535 719 1601 tamen
759 1539 909 1601 haec
946 1555 1051 1600 res
1092 1540 1237 1601 satis
1284 1546 1377 1601 est
1419 1538 1620 1621 digna,
1666 1559 1820 1621 quae
1862 1540 2055 1603 studia
2097 1540 2354 1603 omnium
2399 1560 2516 1603 ex-

316 1638 485 1715 citet,
554 1629 737 1699 ut‘ex
780 1638 910 1718 ipso
952 1637 1153 1699 libello
1205 1642 1406 1715 aetas,
1467 1638 1748 1715 conditi0‚
1807 1639 2112 1721 ingenium
2155 1639 2511 1721 indolesque

313 1738 573 1800 auctoris
625 1738 771 1799 tanti
827 1737 1029 1817 operis
1086 1738 1417 1798 accuratius
1474 1735 1846 1817 depingatur.
1961 1738 2160 1818 Atque
2217 1740 2312 1801 hic
2371 1741 2514 1802 satis

312 1837 490 1897 multa
535 1841 856 1896 occurrunt
864 1853 883 1907 3
928 1849 1006 1893 ex
1034 1832 1245 1911 quibus
1288 1834 1541 1912 primum
1586 1835 1758 1896 nobis
1803 1836 1977 1895 liceat
2015 1844 2365 1916 argumenta
2397 1856 2515 1899 ex-

313 1951 573 2013 ponere,
637 1949 792 2010 quae
848 1930 1403 1992 commentationem
1455 1931 1641 2012 priori
1683 1931 2005 1994 Caesarum
2057 1934 2234 1995 aetati
2277 1932 2515 2015 adjudi-

314 2037 466 2093 cant.
550 2031 711 2093 Inter
770 2048 924 2109 quae
964 2029 1213 2111 primum
1255 2030 1453 2092 locum
1513 2030 1789 2092 obtinere
1821 2032 1924 2112 Jus
1966 2038 2060 2093 est
2114 2032 2408 2111 habitum,
2449 2041 2516 2095 ut

310 2132 389 2193 ita
445 2130 671 2208 dicam,
746 2135 807 2191 et
876 2129 1368 2210 compositionem
1444 2131 1869 2192 sententiarum
1930 2132 2222 2209 omnium,
2299 2134 2511 2214 quibus

308 2229 647 2311 diligentius
688 2229 1058 2310 perlustratis
1102 2245 1280 2290 nemo
1325 2227 1401 2289 de
1443 2228 1719 2310 Longino
1763 2235 2009 2291 auctore
2052 2231 2342 2311 cogitarit.
2426 2232 2514 2296 Sit

309 2330 465 2390 enim
508 2327 603 2389 hic
642 2328 931 2409 egregius
968 2327 1069 2389 ille
1109 2326 1350 2405 rhetor,
1386 2325 1797 2409 *philosophum
1841 2330 2292 2410 grammaticuS,
2334 2347 2511 2410 quem

306 2423 820 2506 Ruhnkenius1),
877 2422 975 2486 alii
1039 2426 1152 2487 sibi
1210 2427 1473 2507 fingunt,
1545 2434 1615 2488 ut
1659 2429 1802 2509 Jure
1843 2446 1981 2489 eum
2021 2425 2509 2515 ,Βιβλιιοθῆκην

313 2519 649 2608 ἔμψυχον
692 2523 1077 2603 appellaverit
1117 2524 1342 2604 Eunap.
1390 2525 1461 2585 ad
1495 2526 1779 2607 Porphyr.
1805 2545 1863 2607 p.
1903 2522 2002 2605 13,
2044 2534 2109 2588 ut
2141 2528 2285 2609 jure
2331 2527 2510 2591 κατὰ

309 2622 637 2704 Λογγῖνον
684 2624 928 2707 κρίνενν
971 2621 1033 2684 in
1073 2623 1457 2703 proverbium
1500 2620 1732 2704 abierit,
1776 2631 1973 2688 tamen
2014 2644 2137 2687 non
2178 2628 2310 2688 sine
2350 2627 2509 2689 bona

309 2736 522 2783 caussa
578 2719 823 2800 Roeper
877 2720 915 2782 l.
977 2720 1217 2802 saepius
1288 2722 1325 2784 l.
1384 2729 1568 2784 totam
1633 2723 2070 2786 recentioribus
2144 2725 2510 2804 temporibus

309 2826 577 2884 exortam
634 2819 890 2915 Longini
951 2818 1166 2881 famam
1223 2827 1402 2900 atque
1458 2822 1712 2904 gloriam
1765 2840 1848 2884 ex
1899 2823 2032 2904 ipso
2090 2829 2299 2885 nostro
2356 2822 2508 2908 περὶ

310 2915 547 3003 ὕψους
590 2920 742 2981 libro
784 2917 1121 3000 profectum
1164 2920 1457 3000 opinatur,
1499 2921 1581 2981 ita
1620 2924 1705 2998 ut,
1751 2920 1912 2999 quod
1953 2923 2193 3001 saepius
2233 2920 2510 2983 accidere

304 3019 528 3097 soleat,
573 3019 646 3081 ab
689 3019 888 3099 operis
932 3018 1288 3081 excellentia
1332 3018 1586 3099 repetita
1629 3018 1706 3079 sit
1750 3018 2007 3079 auctoris
2046 3020 2442 3097 praestantia.

465 3119 802 3200 Longinum
838 3106 1016 3197 enim,
1058 3119 1231 3201 quus
1276 3117 1467 3179 vitam
1497 3117 1594 3179 hic
1637 3116 2028 3198 perbreviter,
2074 3112 2293 3198 (quum
2322 3134 2507 3177 accu-

302 3223 432 3278 rata
462 3216 780 3281 delineatio
811 3219 964 3279 absit
996 3236 1030 3279 a
1055 3225 1263 3280 nostra
1294 3215 1424 3299 re,]
1443 3217 1622 3279 liceat
1648 3233 2026 3297 percurrere,
2068 3215 2255 3295 prima
2286 3216 2508 3277 saeculi

303 3315 463 3375 tertii
504 3321 672 3394 parte
716 3333 765 3375 c.
807 3333 858 3401 a.
898 3312 1039 3376 213.
1107 3314 1498 3377 Ruhnkenius
1539 3321 1706 3395 putat
1746 3315 1807 3375 in
1850 3314 2043 3376 lucem
2086 3312 2306 3374 editum
2350 3330 2505 3376 esse.

306 3410 554 3475 Constat
593 3413 756 3475 illum
799 3429 1140 3494 cognomen
1170 3412 1363 3477 Cassii
1402 3410 1785 3495 habuisse²)‚
1827 3418 1892 3477 ut
1918 3410 2096 3475 suerit
2141 3417 2242 3473 aut
2275 3429 2506 3492 genere

301 3698 703 3767 (Octavianus)
742 3695 1023 3766 Sphaeri,
1064 3696 1194 3748 Arei
1236 3694 1556 3764 philosophi
1595 3696 1955 3763 filiorumque
1989 3693 2119 3759 ejas
2161 3692 2410 3760 Dionysii
2443 3702 2506 3745 et

304 3782 596 3837 Nicanoris
635 3781 1060 3835 contubernium
1107 3780 1248 3833 iniit

446 3873 502 3935 t)
542 3868 918 3920 Ruhnkcnius
958 3868 1013 3919 in
1052 3875 1171 3919 tota
1213 3865 1342 3921 dias.
1374 3864 1568 3933 philol
1607 3862 1676 3913 dc
1714 3861 1832 3913 vita
1880 3868 1940 3913 ot
1983 3858 2209 3926 scriptis
2249 3856 2503 3926 Longini,

304 3968 472 4019 quam
508 3950 729 4005 nomine
772 3955 924 4007 Pctr.
961 3952 1122 4003 Jonn.
1161 3949 1486 4002 Schardami
1527 3945 1718 3999 edidit.
1794 3946 1968 4014 bugd.
2010 3945 2135 3995 nat.
2184 3946 2330 3995 1776.

436 4037 495 4102 2)
532 4038 617 4091 Cf.
655 4036 813 4090 Phot.
834 4038 965 4090 1108.
995 4053 1037 4090 Β.
1075 4037 1280 4107 Σέρφοι.
1320 4036 1368 4087 οἷ
1395 4034 1647 4106 πτερωτὸι
1662 4032 1930 4103 μύρμηκες,
1968 4029 2053 4087 οὓς
2082 4026 2239 4096 'fucas'
2263 4025 2502 4086 Νύμφας·

298 4118 457 4180 οὕτως
489 4119 747 4182 Δίδυμος.
802 4124 1028 4181 Κάσσιος
1067 4122 1123 4174 δέ
1160 4123 1428 4190 Λογγῖνος.
1500 4116 1655 4171 Suid.
1691 4134 1736 4171 a.
1772 4116 2022 4182 Λογγῖνος
2056 4112 2080 4163 ὖ
2114 4111 2368 4170 Κάσσιος,
2421 4132 2502 4173 φι-
