3017 4825
1362 362 1450 436 31

312 607 498 671 quum
539 604 662 651 non
705 582 896 648 solum
945 598 981 643 a
1020 575 1372 642 Ruhnkenio
1414 578 1477 639 in
1520 577 1797 660 catalogo
1856 577 2140 641 librorum
2178 576 2510 660 Longinia-

309 705 526 751 norum
580 685 859 765 scriptum
905 678 1027 748 Εἰς
1088 675 1209 760 τὴν
1266 674 1621 763 ῥητορικὴν
1664 673 2216 760 Ἑρμογένους-1)
2271 691 2509 738 memo-

312 793 546 850 raretur
560 830 579 862 ,
632 781 740 845 sed
797 796 979 862 quum
1032 774 1208 838 etiam
1265 773 1684 854 Hermogenes
1739 774 1904 837 libris
1960 774 2086 837 suis
2139 790 2263 838 nou
2314 774 2506 835 solum

309 884 552 960 simileS,
594 880 704 945 sed
745 876 991 959 saepius
1008 866 1282 949 easdem,
1327 887 1477 950 quas
1507 872 2043 954 Pseudolonginus,
2084 877 2512 954 pertractasset

305 999 423 1044 res.
522 980 738 1060 Neque
810 975 971 1038 enim
1037 970 1138 1032 ille
1207 969 1375 1031 solus
1435 971 1892 1033 commentarius
1949 972 2119 1052 ejuS,
2193 969 2296 1050 qui
2355 970 2506 1052 περὶ

306 1074 605 1166 μεθόδου
640 1070 1029 1153 δεινότησος
1053 1066 1411 1144 inscribitur,
1452 1064 1531 1127 de
1559 1066 1792 1128 sublimi
1825 1068 1947 1149 agit
1977 1068 2214 1130 ratione
2254 1065 2510 1143 dicendi,

306 1176 420 1240 sed
463 1177 640 1237 etiam
684 1172 747 1233 in
791 1169 943 1232 libro
985 1161 1133 1249 περὶ
1181 1162 1407 1237 ἰδεῶν,
1460 1164 1500 1225 i.
1544 1182 1599 1227 a.
1641 1164 1719 1227 de
1761 1164 1970 1228 formis
2007 1166 2284 1228 oratoriis
2323 1182 2510 1227 accu-

306 1273 611 1337 ratissime
668 1265 873 1328 dividit
926 1279 1155 1345 genera
1210 1261 1497 1328 orationis
1515 1307 1533 1339 ,
1596 1278 1851 1341 quorum
1904 1268 2137 1342 septem
2191 1262 2509 1326 discernit:

313 1369 685 1452 σαφήνεια,
735 1365 1061 1450 μέγεθος,
1120 1358 1420 1434 κάλλος,
1483 1360 1859 1445 γοργότης.
1921 1350 2129 1444 ἦθος,
2193 1358 2508 1442 ἀλήθεια,

313 1466 602 1552 δεινότης
625 1508 644 1541 ,
706 1464 783 1526 de
844 1462 1058 1543 quibus
1111 1478 1296 1540 quum
1346 1455 1715 1536 dissereret,
1757 1460 1973 1522 elatam
2027 1476 2274 1539 quoque
2327 1463 2510 1537 atque

310 1567 621 1630 sublimem
684 1563 1015 1625 orationem
1070 1558 1472 1639 perlustravit.
1577 1557 1777 1631 Quare
1830 1575 2009 1639 quum
2075 1557 2334 1637 scriptor
2389 1563 2510 1618 tam

309 1663 563 1744 diligens
584 1668 827 1740 tamque
855 1658 1106 1735 subtilis,
1148 1656 1341 1736 qualis
1372 1673 1485 1736 per
1524 1661 1713 1717 totum
1756 1656 1968 1718 librum
1985 1654 2510 1737 Pseudolonginus

307 1767 583 1842 apparet,
646 1776 848 1838 neque
911 1773 1138 1818 nomen
1190 1755 1752 1817 commemoraverit
1801 1753 2236 1834 HermogeniS,
2307 1772 2512 1834 neque

309 1861 487 1923 etiam
525 1857 888 1932 sententias,
937 1853 1197 1936 judicia,
1258 1851 1446 1914 verba
1488 1853 1622 1933 ejus
1675 1851 1802 1913 ullo
1855 1851 1919 1913 in
1957 1850 2098 1913 loco
2139 1858 2239 1913 aut
2277 1851 2513 1913 refuta-

306 1958 466 2020 verit
504 1963 605 2018 aut
644 1955 837 2017 solum
876 1951 1250 2033 respexerit,
1288 1951 1422 2014 sine
1463 1950 1646 2013 dubio
1689 1966 1920 2016 summo
1966 1967 2100 2011 cum
2132 1951 2276 2031 jure
2315 1955 2512 2012 statu·-

310 2054 531 2118 endum
572 2054 714 2130 erit,
754 2070 890 2113 eum
912 2097 933 2128 ,
976 2049 1081 2130 qui
1122 2048 1199 2111 de
1238 2048 1529 2114 orationis
1570 2046 1927 2112 sublimitate
1963 2045 2308 2129 scripserit,
2350 2047 2515 2110 Her-

309 2170 628 2235 mogenem
672 2168 751 2213 ne
794 2165 981 2212 nosse
1023 2144 1263 2228 quidem
1283 2193 1303 2226 ,
1364 2146 1586 2228 quippe
1640 2164 1822 2226 quem
1880 2146 1933 2209 si
1969 2153 2212 2225 nosset,
2274 2147 2512 2212 silentio

306 2255 639 2334 praeterire
680 2271 804 2316 non
841 2252 1154 2335 potuisset,
1432 2269 1441 2276 ·
2333 2293 2340 2298 -

472 2351 696 2414 Verum
739 2353 1048 2415 enitnvero
1091 2337 1310 2414 laudati
1350 2365 1600 2430 quoque
1653 2346 1979 2430 scriptores
2026 2355 2514 2432 memorataequa

311 2465 414 2509 res
457 2456 557 2509 aut
593 2467 717 2510 non
760 2451 914 2511 ultra
952 2448 1303 2527 Vespasiani
1344 2448 1655 2527 imperium
1693 2446 2190 2528 progrediuntur,
2234 2455 2337 2510 aut
2369 2449 2514 2511 illud

315 2545 510 2625 ipsum
579 2551 813 2625 tempus
872 2545 1007 2606 luce
1075 2544 1291 2606 clarius
1364 2543 1792 2607 demonstrant.
1900 2544 2148 2606 Accitur
2189 2546 2347 2608 enim
2367 2592 2385 2624 ,
2449 2553 2515 2608 ut

312 2643 679 2722 antiquiores
722 2641 1047 2723 scriptores
1084 2656 1282 2723 usque
1325 2640 1399 2703 ad
1432 2639 1807 2717 Ciceronem,
1850 2643 2018 2723 cujus
2056 2642 2117 2703 in
2148 2650 2293 2705 sect.
2326 2643 2516 2721 x11,4

313 2740 535 2802 mentio
580 2739 674 2818 fit,
732 2741 989 2820 ejusque
1027 2739 1313 2820 aequales
1356 2739 1692 2801 omittamus
1715 2784 1732 2815 ,
1786 2745 1931 2800 sect.
1972 2739 2065 2800 111.
2109 2741 2167 2817 §.
2209 2739 2266 2803 5.
2310 2740 2516 2804 Theo-

231 2894 237 2905 .
312 2837 495 2901 dorus
541 2837 779 2918 quidam
819 2838 1047 2916 rhetor,
1095 2855 1272 2916 quem
1305 2835 1582 2916 equidem
1613 2837 1836 2898 nullum
1867 2837 2043 2899 alium
2085 2855 2228 2900 esse
2268 2857 2514 2919 censeo,

309 2937 424 2999 nisi
466 2936 798 2999 Gadareum
835 2937 1021 3014 illum,
1056 2934 1286 3013 Tiberii
1327 2933 1602 2997 Caesaris
1640 2934 1702 2994 in
1742 2934 2141 2998 doctrinarum
2182 2936 2512 3008 liberalium

311 3034 507 3097 studio
547 3041 1020 3115 praeceptorem.
1126 3032 1277 3098 Sunt
1329 3032 1469 3097 mihi
1521 3031 1844 3097 nonnullae
1892 3031 2068 3113 hujus
2109 3035 2199 3094 rei
2239 3052 2513 3114 caussae,

311 3151 500 3213 quare
541 3132 946 3195 exscribamus
990 3148 1140 3213 opus
1184 3137 1280 3195 est
1333 3137 1524 3192 totum
1566 3128 1699 3190 libri
1742 3129 1931 3191 nostri
1970 3129 2202 3191 locum:
2258 3134 2512 3214 Τουτῷ

309 3226 708 3314 παράκειται
765 3230 992 3313 τρίτον
1053 3251 1121 3291 τι
1183 3228 1430 3297 κακίας
1484 3218 1665 3296 εἶδος
1740 3224 1802 3291 ἐν
1864 3226 2011 3295 τοῖς
2072 3230 2508 3310 παθητικοῖς,

313 3318 508 3407 ὅπερ
571 3324 603 3387 ὁ
663 3322 1106 3413 Θεόδωρος
1160 3323 1743 3409 παρένθυρσον
1803 3321 2115 3389 ἐκάλει.
2219 3325 2514 3392 Rhetores

311 3426 510 3482 autem
550 3419 669 3484 duo
712 3421 888 3504 hujus
930 3422 1186 3484 nominis
1224 3423 1603 3504 reperiuntur
1621 3422 1714 3506 ²),
1756 3430 2027 3503 tempore
2057 3442 2130 3485 ac
2157 3425 2318 3503 vitae
2359 3442 2515 3488 con-

312 3518 538 3581 ditione
585 3519 829 3583 multum
869 3519 1029 3582 inter
1068 3536 1210 3582 sese
1251 3521 1560 3599 distantes,
1605 3539 1859 3601 quorum
1901 3521 2053 3583 alter
2092 3528 2289 3585 aetate
2321 3523 2513 3603 prior,

306 3614 574 3696 Byzantii
602 3623 798 3695 natus,
838 3623 1113 3697 tempore
1151 3618 1290 3680 belli
1325 3618 1815 3699 Peloponnesiaci
1856 3617 2004 3680 vixit
2041 3625 2221 3700 atque
2261 3619 2516 3685 habetur

455 3883 506 3944 t)
545 3881 631 3934 Ct'.
670 3883 724 3947 S.
759 3879 906 3937 XW.
959 3882 1091 3939 dias.
1149 3882 1409 3947 nunnus„
1485 3882 1585 3953 qui
1640 3880 1758 3950 ipae
1813 3884 1960 3937 huno
2010 3883 2221 3936 librum
2279 3883 2514 3954 Longini

310 3963 640 4028 addubitat,
692 3965 877 4018 nescio
913 3984 1026 4034 qna
1063 3969 1132 4020 de
1167 3985 1397 4031 cauata,
1459 3985 1631 4036 quum
1687 3967 1827 4020 nihil
1869 3967 2050 4019 minna
2086 3966 2509 4023 admirationem

310 4047 550 4109 excitet,
594 4064 762 4116 quam
801 4052 950 4116 quot!
987 4052 1056 4104 de
1091 4054 1449 4122 Hermogene
1487 4050 1777 4120 scripserit
1817 4049 2113 4117 Longinus.

449 4134 508 4197 2)
546 4133 633 4186 cf.
668 4133 888 4188 omnino
923 4134 992 4190 do
1029 4137 1376 4192 Theodorias
1420 4136 1637 4191 Piderit
1676 4136 1745 4190 de
1782 4136 2101 4193 Theodoro,
2141 4133 2325 4189 Mart».
2363 4139 2511 4190 ¹842.
