3017 4825
1516 312 1613 382 40

1379 414 1487 423 m...

462 537 528 592 ut
578 532 671 592 ita
732 530 919 593 dicam
980 530 1307 591 canonicus
1331 574 1348 606 ,
1413 539 1791 607 nequaquam
1860 525 2006 587 artis
2067 541 2217 606 opus
2279 523 2397 586 dici
2465 525 2674 605 possit.

465 627 666 689 Talem
708 629 890 711 igitur
928 627 1354 709 praestantiam
1400 627 1463 688 in
1502 623 1905 705 congruentia
1941 625 2133 686 ›totius
2159 641 2162 646 ·
2188 623 2456 704 corporis
2499 626 2674 689 sitam

465 732 647 805 atque
677 727 1004 789 Neroniani
1047 728 1267 788 colossi
1309 726 1663 787 immensum
1707 721 1847 783 illud
1891 723 2142 802 spatium
2175 729 2236 784 et
2269 724 2676 785 excelsitatem

467 825 602 886 etsi
647 827 922 890 vitiosam
984 824 1505 905 Pseudolonginus
1590 820 2068 883 commodissime
2145 822 2204 882 in
2276 822 2676 884 contentionis

468 923 749 1003 judicium
780 931 959 986 vocat
1001 939 1255 1006 neganS,
1303 922 1800 984 absolutissimum
1830 921 1889 981 in
1919 920 2182 1000 parvulis
2209 919 2676 983 dimensionibus

467 1021 752 1102 Polycleti
796 1039 946 1103 opus
982 1023 1380 1103 praestantius
1424 1019 1747 1101 putandum
1793 1015 1967 1094 esse,
2015 1035 2193 1097 quam
2237 1024 2489 1080 statuam
2517 1020 2673 1081 illam

469 1117 573 1179 CX
628 1119 843 1199 pedem
885 1121 1221 1183 colosseam
1282 1123 1464 1198 atque
1523 1119 1584 1179 in
1628 1116 1824 1180 multis
1867 1117 2098 1177 'vitiose
2141 1115 2493 1179 confectam.
2585 1119 2678 1180 Ex

471 1215 688 1296 quibus
751 1219 802 1280 si
868 1219 1172 1301 conjicere
1231 1219 1403 1295 licet,
1464 1221 1682 1278 ‘nostra
1737 1214 2052 1295 probatur·
2080 1211 2168 1275 de·
2215 1220 2485 1295 tempore
2547 1216 2677 1280 libri
2749 1233 2754 1237 ·

469 1316 785 1394 sententia,
829 1315 1315 1380 commentarium
1354 1315 1501 1395 ipsis
1543 1313 1802 1376 fortasse
1845 1312 2078 1389 diebus,
2125 1309 2340 1391 quibus
2377 1312 2676 1378 Zenodoti

473 1411 749 1476 colossus
790 1432 841 1475 ass
865 1417 1071 1495 priore
1114 1415 1372 1475 statione
1410 1410 1841 1476 removebatur
1887 1416 1949 1471 et
1981 1409 2105 1473 Soli
2135 1408 2254 1471 deo
2288 1419 2677 1476 consecratus

474 1517 604 1589 est,
667 1530 704 1573 a
761 1513 1245 1595 Pseudolongino
1288 1512 1700 1594 -compositum
1757 1523 1929 1586 esse,
1993 1510 2073 1570 ita
2127 1514 2192 1569 ut
2252 1528 2284 1569 a
2340 1510 2677 1591 legentibus

477 1610 752 1672 omnibus
797 1611 1073 1675 facillime
1117 1613 1586 1694 intelligeretur,
1638 1610 1906 1690 quisnam
1951 1608 2030 1672 sit
2073 1607 2678 1687 perbreviterssdictus

480 1703 512 1768 ὁ
562 1705 901 1781 κολοσσὸς
944 1710 974 1776 ὁ
1025 1708 1493 1799 &papa->wives
1538 1727 1671 1772 cum
1717 1707 1971 1790 egregio
2013 1706 2297 1788 Polycleti
2323 1708 2677 1790 Doryphoro

472 1806 743 1869 collatus.
1436 1845 1443 1850 ·
1988 1831 1992 1835 ·
2404 1871 2408 1875 ,

642 1905 788 1968 Tum
811 1953 828 1984 ,
892 1913 975 1968 ut·
1021 1907 1094 1969 ad
1157 1909 1390 1970 tertiam
1460 1906 1715 1985 aliquam
1787 1905 1964 1987 hujus
2038 1910 2283 1970 nostrae
2347 1907 2680 1969 sententiae

477 2019 749 2065 caussam
791 2006 1331 2087 transgrediamur,
1374 2003 1618 2085 impedit
1659 2020 1811 2080 noS,
1874 2004 2190 2083 quominus
2232 2002 2384 2065 ultra
2426 2003 2680 2068 medium

476 2101 651 2181 primi
709 2105 932 2165 saeculi
994 2111 1229 2185 tempus
1288 2104 1789 2183 conscriptionem
1852 2108 2137 2164 tractatus
2193 2100 2270 2162 de
2326 2102 2682 2168 sublimitate

477 2215 894 2264 removeamus
914 2249 932 2281 ,
1000 2202 1242 2266 Caecilii
1304 2202 1587 2264 Calactini
1645 2207 1951 2278 accurata,
2016 2219 2098 2262 ne
2129 2200 2346 2262 ‘dicam
2414 2204 2681 2281 quaesita

476 2296 773 2362 refutatio.
861 2297 1070 2364 Omnia
1115 2302 1310 2379 enim,
1375 2317 1531 2381 quae
1571 2299 1831 2379 scriptor
1872 2298 1947 2360 de
1990 2298 2248 2360 Caecilio
2307 2299 2392 2362 *iu¹
2423 2299 2684 2364 medium

476 2396 739 2478 profert,
796 2398 954 2463 huno
1010 2406 1075 2462 ut
1115 2398 1450 2478 hominem,
1508 2400 1613 2480 qui
1653 2399 1772 2461 vita
1817 2414 1960 2460 non·
1983 2397 2082 2460 diu
2126 2404 2264 2465 ante
2305 2398 2683 2463 Pseudolon-

479 2496 606 2576 gini
662 2503 931 2578 tempora
991 2498 1305 2561 defunctus
1354 2500 1475 2577 sit,
1561 2498 2007 2572 demonstrant3
2083 2514 2292 2577 neque
2361 2500 2682 2561 verisimile

480 2594 746 2674 videtur,
805 2594 1157 2679 scriptorem
1211 2599 1369 2661 tertii
1411 2598 1640 2660 saeculi
1676 2614 1731 2677 p.
1755 2596 1910 2657 Chr.
1963 2601 2125 2659 tanta
2183 2602 2498 2659 versatum·
2545 2615 2684 2659 esse

481 2708 617 2755 cum
659 2696 1001 2759 assiduitate
1032 2697 1398 2773 inGaeciliO,
1443 2703 1507 2756 ut
1533 2696 2041 2775 pretiumoperae
2061 2695 2384 2771 habuisset,
2428 2694 2685 2758 rhetoris

479 2794 650 2855 istius
704 2796 931 2876 judicia
989 2796 1067 2858 de
1130 2802 1275 2859 arte*
1314 2792 1593 2872 dicendi,
1667 2795 1950 2874 imprimis
1993 2792 2099 2854 rde
2166 2793 2397 2855 sublimi
2451 2811 2687 2873 genere

481 2892 827 2970 revincere,
906 2884 1257 2974 praesertim
1316 2911 1525 2974 quum*
1557 2894 1713 2955 inter
1777 2891 2015 2953 Caecilii
2080 2896 2142 2951 et
2193 2891 2376 2970 ipsius
2429 2890 2688 2972 Longini

480 2989 901 3071 Neoplatonici·
917 2992 1097 3054 vitam
1138 3028 1221 3038 -—-
1263 2994 1311 3055 si
1357 2993 1455 3055 ille
1488 2998 1652 3054 esset
1681 2991 1945 3068 ¹scriptor
1973 2988 2104 3051 libri
2144 3008 2228 3035 -’-
2267 2989 2685 3071 Hermogenes

478 3093 665 3150 totam
723 3091 1103 3171 eloquentiae
1166 3092 1524 3152 doctrinam‘
1568 3096 1756 3167 atque
1815 3088 2159 3164 scientiam,
2246 3088 2434 3167 qualis
2509 3097 2676 3150 antea

483 3186 697 3264 fuerat,
741 3190 1076 3270 praeceptis
1100 3190 1225 3251 suis
1267 3186 1633 3251 abolevisset
1665 3194 1843 3266 atque
1877 3202 2093 3249 novam
2135 3187 2196 3246 in
2235 3187 2413 3247 multa
2446 3188 2685 3249 saecula

478 3284 624 3345 'dein
664 3284 860 3348 futura
893 3288 1313 3349 constituisset.
1400 3286 1532 3359 Quo
1575 3284 1772 3368 mag-is
1815 3286 2022 3348 anirum
2055 3291 2248 3361 esset,
2299 3283 2453 3365 (qua
2499 3286 2687 3348 dere

486 3383 817 3445 accuratius
850 3386 976 3467 jam
1015 3403 1114 3466 pg.
1158 3383 1257 3446 30.
1304 3375 1618 3466 egimusff
1659 3386 1708 3447 si
1754 3385 2012 3464 scriptor
2068 3383 2222 3445 tertii
2266 3382 2491 3447 saeculi
2527 3385 2689 3446 hunc

485 3482 807 3563 principem
850 3484 1184 3546 rhetorices
1236 3485 1471 3564 penitus
1526 3485 1764 3546 silentio
1791 3482 2220 3564 praeteriisset
2252 3500 2352 3543 res
2383 3501 2504 3562 que
2545 3501 2687 3547 suas

488 3585 625 3640 uta
669 3579 837 3643 fonte
886 3583 1276 3663 integerrimo
1333 3600 1366 3643 a
1416 3582 1673 3645 Caecilio
1716 3583 1816 3643 illo
1850 3580 2150 3643 Calactino
2187 3580 2690 3662 repetiisset,·qui

488 3677 600 3737 etsi
642 3696 675 3738 a
716 3681 913 3742 multis
954 3679 1257 3758 laudatus,
1302 3686 1499 3744 tamen
1545 3676 1667 3743 no'n
1713 3687 1908 3742 tantus
1955 3677 2099 3753 fuit,
2140 3684 2208 3739 ut
2247 3680 2562 3758 omnibus,
2586 3684 2694 3760 qui

486 3782 695 3856 postea
749 3777 824 3840 de
883 3782 1114 3841 ratione
1162 3779 1395 3843 dicendi
1448 3782 1714 3845 scribere
1765 3778 2165 3858 incepissent,
2224 3775 2298 3837 ad
2361 3777 2522 3840 illum
2581 3796 2691 3843 re·-

487 3875 1134 3941 currendum'fuisset.
1208 3879 1377 3943 'Erat
1430 3881 1587 3941 enim
1640 3878 1966 3953 Caecilius,
2044 3876 2119 3939 de
2177 3892 2296 3956 quo
2363 3894 2516 3959 opus
2549 3880 2690 3955 est,

474 3981 550 4034 ·ut
607 3975 821 4053 paullo>
859 3975 1044 4040 fusius
1106 3970 1453 4059 loquamur,
1523 3978 1710 4057 patria
1765 3974 1999 4039 Siculus
2057 3974 2276 4039 servili·
2317 3984 2543 4058 gente,
2607 3994 2691 4039 ex
