3017 4825
1472 388 1522 458 9

390 605 733 688 probanda,
788 603 927 667 illud
985 601 1260 665 facillime
1314 602 1705 683 perspicitur,
1781 601 1934 668 hanc
1996 604 2257 685 codiciS‚
2321 608 2421 688 qui
2465 609 2598 691 ipse

394 705 629 768 deinum
671 712 809 787 post
844 704 1207 785 antiquitatis
1248 708 1523 785 tempora
1563 701 1880 766 confectus
1934 710 2064 782 est,
2121 705 2596 787 inscriptionem:

402 806 763 867 Διονυσίου
820 798 859 888 ἢ
904 801 1283 884 Λογγίνου.
1362 800 1437 863 ad
1499 807 1764 864 nostram
1819 800 1898 865 de
1955 802 2252 883 scriptore
2312 819 2601 887 germano

397 901 765 964 sublimitatis
807 900 1287 964 dissertationem
1330 900 1486 962 haud
1527 901 1772 963 multum
1816 908 1918 964 aut
1956 903 2152 984 potius
2194 902 2338 965 nihil
2376 903 2602 982 valere,

397 1008 717 1082 propterea
777 1001 939 1083 quod
1003 1000 1199 1063 codex
1251 1001 1393 1081 ipse
1441 1006 1626 1062 totam
1687 1019 1815 1063 rem
1873 1002 1936 1064 in
1996 1002 2230 1065 incerto
2289 1003 2602 1083 relinquat.

398 1098 647 1163 Accedit
689 1100 749 1162 id
773 1147 791 1179 ,
856 1100 1017 1181 quod
1035 1146 1053 1178 ‚
1112 1100 1340 1162 etiamsi
1382 1106 1710 1162 statuamus
1749 1101 2133 1182 principalem
2177 1100 2446 1164 codicem
2488 1121 2605 1164 ex·-

398 1197 662 1261 hibuisse
704 1198 963 1280 Longini
1003 1198 1263 1261 rhetoris
1303 1215 1559 1277 nomen,
1597 1205 1801 1261 tamen
1843 1200 1977 1281 jure
2019 1201 2359 1280 quaeritur,
2402 1215 2603 1264 annon

399 1302 541 1367 tota*
567 1297 629 1357 in
672 1296 785 1357 hac
823 1315 895 1358 re
935 1296 1191 1379 Longini
1234 1297 1756 1375 commemoratio,
1800 1298 1946 1358 satis
1988 1299 2336 1376 temeraria,
2381 1306 2446 1362 ut
2491 1300 2608 1363 de·-

404 1401 839 1457 monstraturos
896 1411 1008 1457 nos
1066 1402 1278 1477 postea
1330 1394 1711 1476 profitemur,
1771 1413 1850 1456 ex
1905 1394 2054 1456 falsa
2115 1396 2608 1477 interpretatione

404 1493 575 1555 verbi
617 1490 659 1555 λ
684 1492 723 1557 ό
742 1515 833 1574 γο
857 1516 930 1569 υ,
995 1493 1156 1574 quod
1214 1492 1467 1557 adscribi
1509 1493 1745 1555 solebat
1783 1491 2068 1554 librorum
2111 1494 2330 1573 titulis,
2396 1502 2607 1560 exorta

405 1592 509 1667 sit3
575 1610 692 1671 qua
752 1592 812 1654 in
877 1592 1301 1673 inscriptione:
1386 1587 1574 1676 περὶ
1637 1586 1927 1673 ὕψους
1998 1586 2259 1669 λόγου
2333 1593 2607 1656 librarius

405 1709 585 1771 quum
641 1692 948 1772 scriptoris
1006 1709 1229 1755 nomen
1298 1691 1489 1753 latere
1559 1689 1938 1771 opinaretur,
2013 1691 2261 1753 mutavit
2322 1710 2432 1773 pro
2494 1710 2608 1755 suo

403 1788 653 1870 ingenie
692 1791 753 1851 in
799 1793 1167 1870 Λογγίνου,
1230 1807 1408 1868 quem
1462 1785 1768 1850 rhetorem
1811 1786 1999 1849 fuisse
2040 1805 2163 1848 non
2205 1791 2610 1869 spernendum

369 1887 815 1966 ,similibusque
859 1888 935 1949 de
974 1888 1159 1949 rebus
1203 1887 1390 1949 libros
1433 1885 1772 1947 confecisse
1824 1893 2212 1966 cognoverat.
2293 1888 2613 1952 Praeterea

408 1984 469 2046 in
529 1991 686 2047 msto
744 1986 1137 2048 bibliothecae
1193 1986 1472 2047 Laurent.
1536 1983 1877 2046 inscribitur
1930 1983 2081 2046 liber
2143 1981 2548 2070 Ἀνωνῦμο
2572 2010 2609 2051 υ

408 2079 592 2168 περὶ
637 2078 807 2164 ῧψο
832 2107 925 2153 υς
951 2082 1055 2167 ¹),
1112 2101 1229 2166 qua
1285 2084 1673 2163 inscriptione
1712 2082 1985 2145 Weiskio
2037 2083 2213 2163 plane
2272 2084 2611 2147 confirmari

406 2180 686 2242 videntur
724 2182 855 2262 illa,
922 2199 1078 2263 quae
1129 2182 1398 2245 Amatius
1457 2181 1535 2244 de
1592 2186 1840 2244 auctore
1878 2182 2227 2262 protulerit,
2283 2183 2412 2264 jam
2454 2185 2614 2245 anti-

409 2280 609 2360 quitus
643 2299 767 2344 non
819 2282 1060 2346 nituisse
1114 2284 1292 2345 ullam
1349 2282 1659 2363 scriptoris
1717 2281 2361 2343 commemorationem.
2445 2282 2614 2355 Quae

411 2393 591 2459 quum
631 2380 712 2443 ita
755 2378 905 2460 sint,
960 2382 1269 2464 inscriptio
1318 2381 1416 2445 illa
1446 2379 1694 2444 'codicis
1736 2379 2078 2443 recentiore
2117 2395 2297 2440 manu
2338 2379 2616 2443 confecta

413 2484 827 2559 argumentum
873 2496 1011 2542 esse
1051 2498 1175 2543 non
1215 2487 1435 2561 potest,
1478 2487 1546 2542 ut
1581 2499 1660 2542 ex
1690 2480 1788 2541 illa
1830 2496 1939 2560 pro
1974 2485 2143 2541 certo
2170 2479 2615 2560 concludamuS,

414 2577 768 2656 scriptorem
833 2581 1238 2641 commentarii
1308 2579 1386 2640 de
1448 2579 1804 2640 sublimitate
1864 2584 1967 2641 aut
2037 2576 2226 2640 fuisse
2278 2577 2617 2658 Longinum

411 2674 572 2737 illum
615 2676 1028 2758 philosophum
1071 2696 1143 2740 ac
1182 2679 1485 2741 rhetorem
1531 2678 1947 2759 Palmyrenum
1989 2676 2232 2739 saeculo
2271 2677 2471 2755 terti0,
2518 2682 2620 2738 aut

415 2776 657 2838 omnino
701 2778 931 2839 auctori
970 2795 1194 2840 nomen
1239 2778 1426 2841 fuisse
1469 2778 1738 2859 Dionysii
1781 2777 1879 2839 vel
1917 2775 2208 2857 Longini;
2268 2784 2385 2854 qua
2429 2774 2506 2836 de
2546 2792 2620 2836 re

388 2880 624 2954 ‘postea
685 2870 822 2957 (pg.
871 2872 949 2937 17
992 2893 1123 2957 sqq.
1186 2883 1248 2938 et
1289 2895 1389 2957 pg.
1430 2875 1515 2936 64
1556 2873 1728 2957 sqq.)
1799 2889 2139 2936 sermonem
2216 2873 2618 2954 copiosiorem

413 2972 724 3036 instituere
762 2975 825 3036 in
868 2975 1065 3036 animo
1108 2981 1217 3036 est.

538 3072 807 3136 Deinde
862 3081 1104 3155 praeter
1156 3072 1382 3136 codicis
1437 3070 1884 3152 inscriptionem
1929 3069 2004 3147 ii,
2069 3068 2172 3149 qui
2228 3084 2339 3149 pro
2396 3069 2620 3132 viribus

415 3170 732 3233 studebant
771 3171 984 3234 librum
1026 3172 1303 3253 Longino
1343 3167 1573 3232 rhetori
1614 3166 1952 3244 vindicare,
1995 3167 2056 3228 in
2094 3166 2326 3228 consilii
2367 3168 2459 3229 sui
2505 3166 2622 3228 de·-

419 3267 695 3331 t'ensione
752 3270 1033 3351 neglecto
1103 3287 1354 3352 prorsus
1429 3269 1712 3349 ingenio,
1780 3268 2088 3343 oratione,
2156 3266 2368 3346 spiritu
2425 3284 2624 3346 paene

418 3365 656 3445 divino,
714 3365 972 3447 denique
1010 3375 1139 3431 toto
1182 3369 1383 3430 habitu
1425 3368 1559 3430 libri
1602 3367 1787 3447 ipsius
1824 3363 2021 3448 (quae
2064 3365 2260 3426 omnia
2302 3362 2623 3426 deficiente
2745 3408 2761 3421 ,

414 3471 581 3526 certa
618 3463 876 3545 quadam
921 3464 1076 3527 fama
1118 3466 1194 3530 de
1235 3467 1563 3546 scriptore,
1606 3465 1846 3526 unicum
1891 3469 2071 3542 atque
2112 3479 2478 3542 supremum,
2523 3468 2623 3524 et-

417 3563 469 3625 si
512 3579 660 3625 sane
703 3562 1106 3627 difficillimum
1150 3581 1454 3644 saepeque
1505 3562 1857 3624 insolentius
1902 3560 2222 3621 adhibitum
2281 3560 2626 3621 criticorum

418 3662 696 3725 auxilium
740 3680 878 3725 esse
920 3660 1233 3746 constat),
1293 3662 1354 3723 in
1406 3680 1580 3723 suum
1648 3658 2020 3722 commodum
2081 3658 2223 3719 nihil
2282 3658 2394 3719 nisi
2454 3659 2625 3720 locos

419 3762 933 3825 commentationis
976 3756 1312 3845 perpaucos
1358 3759 1633 3822 solebant
1673 3765 1936 3836 vertere,
1979 3754 2192 3836 quibus
2229 3756 2367 3817 luce
2410 3755 2625 3821 clarius

419 3858 659 3935 stabiliri
705 3879 871 3924 suam
916 3862 1271 3924 sententiam
1317 3858 1614 3936 dixerunt,
1656 3858 1868 3919 librum
1912 3854 2122 3917 confici
2166 3872 2290 3917 non
2333 3852 2621 3934 potuisse,

566 4177 620 4243 1)
660 4175 746 4229 Cf.
788 4171 995 4227 Weisk.
1036 4173 1117 4225 ed.
1160 4191 1247 4243 με.
1287 4176 1403 4229 634.
