3017 4825
1452 427 1457 428 f
1491 315 1596 397 14'

348 569 352 578 ·
438 546 787 608 Ammonius
804 591 820 622 ‚
879 543 1031 606 sicut
1086 541 1271 603 ceteri
1313 538 1679 622 grammatici
1718 538 2108 604 Alexandrini
2159 555 2378 622 magna
2418 541 2632 608 fruitus

436 661 574 709 esse
613 644 964 708 auctoritate
1008 638 1161 722 apud
1203 640 1577 703 Ptolemaeos
1598 684 1615 716 ,
1676 640 1895 719 quippe
1936 640 2039 720 qui
2091 658 2230 702 eum
2273 657 2396 704 non
2437 640 2632 704 solum

432 743 1043 826 propter'litterarum
1087 739 1423 819 artiumque
1476 735 1669 800 studia
1727 734 1917 819 (haec
1957 735 2169 800 Cicero
2214 735 2632 820 φιλόλογα),

433 842 541 905 sed
581 842 756 904 etiam
798 841 859 901 in
912 838 1094 902 rebus
1148 838 1396 919 publicis
1450 836 1925 900 administrandis
1983 837 2043 902 in
2099 837 2415 904 concilium
2455 836 2631 902 adili-⁹¹·

431 941 647 1002 herent
685 939 967 1001 intimum.
1054 936 1187 1009 Quo
1230 929 1427 997 autem
1471 941 1744 1015 tempor-e
1785 936 1909 998 vita
1945 934 2260 1000 defunctus
2302 936 2399 1015 sit,
2442 951 2628 1000 accu-

430 1039 616 1101 ratius
674 1036 1163 1100 circumscribere
1226 1053 1346 1098 non
1407 1051 1728 1115 possumus
1753 1080 1771 1112 ,
1842 1034 1983 1097 licet
2043 1035 2206 1097 illum
2265 1054 2345 1097 ex
2410 1034 2628 1101 Suidae

428 1137 628 1200 verbis
671 1155 849 1218 supra
891 1134 1172 1198 laudatis:
1229 1132 1357 1219 πρὸ
1403 1133 1529 1196 τοῦ
1576 1135 2009 1217 μοναρχῆόαι
2064 1130 2180 1196 τὸν
2228 1125 2623 1212 Αὔγουστον

430 1236 817 1318 conjiciamus
868 1235 1037 1297 brevi
1103 1240 1240 1295 ante
1297 1238 1566 1312 tempora
1626 1231 1856 1294 Actiaci
1908 1231 2120 1313 proelii
2176 1231 2330 1296 diem
2404 1231 2626 1294 obiisse

426 1349 785 1416 supremum.
869 1363 951 1380 --
1028 1333 1123 1395 De
1178 1331 1296 1392 hoc
1343 1331 1527 1411 igitur
1587 1331 1977 1412 grammatico
2027 1330 2279 1412 ejusque
2301 1361 2310 1368 ·
2335 1329 2489 1392 libro
2548 1329 2635 1417 dc*

425 1431 798 1495 similitudine
850 1431 1093 1494 Homeri
1156 1429 1539 1507 Platonisque
1604 1430 1861 1509 scriptor
1921 1428 2108 1490 verba
2177 1427 2320 1492 facit
2387 1429 2451 1490 in
2511 1428 2624 1492 hac

424 1532 732 1608 sectione,
789 1531 1040 1611 jamque
1078 1543 1193 1590 nos
1233 1528 1368 1589 luce
1413 1527 1628 1590 clarius
1671 1521 2404 1604 docuissearbitramur,v
2443 1543 2624 1607 quam

424 1629 638 1690 leviter
667 1628 991 1709 judicarint
1028 1627 1142 1705 illi,
1198 1624 1532 1690 secundum
1577 1643 1738 1705 quos*
1769 1624 2118 1689 Ammonius
2160 1624 2380 1691 Saccas
2423 1624 2623 1705 philo-

424 1727 649 1809 sophus
692 1727 785 1789 his
811 1727 1014 1789 verbis
1050 1728 1415 1788 memoratus
1435 1727 1530 1803 sit,
1575 1727 1674 1806 qui
1703 1743 1903 1806 neque
1931 1743 2189 1805 unquam
2215 1723 2623 1805 philosophiae

422 1827 574 1889 fines
631 1837 916 1909 egressus
977 1832 1069 1889 est
1123 1841 1325 1905 neque
1381 1826 1623 1887 omnino
1679 1825 1939 1888 fortasse
1995 1825 2214 1905 scripta
2272 1824 2620 1905 composuit.

421 1925 783 2004 ceteroquin
824 1925 886 1985 in
930 1925 1032 2002 iis,
1077 1941 1231 2004 quae
1274 1930 1628 2004 sequuntur,
1669 1923 2002 1988 accuratius
2042 1923 2396 2000 videbimus„
2429 1923 2622 2002 ipsam

418 2025 577 2088 illam
604 2021 901 2084 Ammonii
927 2023 1553 2086 commemorationem
1591 2037 1702 2103 pro
1742 2040 1962 2104 magno
2005 2021 2365 2086 documento
2408 2022 2621 2092 existi-

419 2120 690 2183 mandam
750 2137 923 2252 esse,
984 2122 1144 2201 quod
1196 2122 1349 2184 liber
1400 2122 1628 2244 primo,
1689 2140 1815 2184 non
1859 2122 2037 2186 tertio
2088 2140 2148 2202 p.
2187 2120 2320 2183 Chr.
2371 2121 2636 2184 saeculo,

420 2220 514 2282 ad
521 2220 845 2281 udicetur.
2623 2279 2630 2286 ‚

487 2241 514 2301 J
584 2317 929 2380 Transimus
986 2316 1060 2378 ad
1119 2316 1383 2378 alteram
1418 2315 1718 2379 fautorum
1769 2316 2022 2378 istorum
2061 2315 2346 2398 Longini
2341 2271 2617 2382 rhetoris

419 2434 695 2481 caussam
718 2463 736 2495 ,
803 2416 964 2498 quod
1021 2416 1223 2479 Moses
1273 2432 1700 2498 geneseosque
1757 2415 1983 2478 initium
2021 2415 2200 2483 inter
2253 2415 2369 2478 alia
2424 2415 2617 2478 subli-

413 2517 631 2578 mitatis
677 2514 1000 2596 specimina
1024 2559 1042 2591 ‚
1104 2520 1384 2594 tanquam
1428 2513 1664 2594 profani
1717 2512 2024 2596 cujusdam
2066 2513 2376 2594 scriptoris
2408 2512 2632 2591 verba,-

414 2613 760 2691 laudentur,
821 2613 983 2693 quod
1044 2614 1118 2675 ab
1178 2614 1293 2676 alio
1342 2613 1475 2675 fieri
1516 2630 1642 2675 non
1680 2613 2010 2693 potuisset,
2070 2613 2183 2675 nisi
2239 2612 2316 2673 ab
2375 2612 2618 2675 homine

409 2713 760 2793 posterioris
803 2712 936 2773 aevi
991 2718 1052 2772 et
1105 2711 1316 2775 litteris
1360 2711 1693 2783 christianis
1745 2710 2013 2792 itemque
2044 2709 2300 2792 judaicis
2357 2711 2581 2775 imbuto
2593 2732 2622 2787 ς,

413 2826 590 2890 quam
648 2810 725 2871 ob
780 2828 1057 2872 caussam
1115 2827 1257 2873 esse
1314 2828 1438 2872 non
1493 2828 1718 2891 posse,
1782 2811 1925 2891 quin
1983 2810 2291 2890 Longinus
2351 2810 2614 2883 libellum

412 2909 835 2989 composuerit,
879 2910 1229 2990 praesertim
1266 2928 1447 2991 quum
1475 2910 2044 2991 Neoplatonicorum
2090 2909 2274 2971 duces
2295 2909 2614 2990 ‚iidemque

409 3008 666 3090 Longini
727 3008 1083 3089 familiareS‚
1149 3010 1363 3074 Saccas
1423 3010 1626 3073 dicunt
1684 3015 1745 3071 et
1800 3006 2065 3070 Plotinos
2110 3014 2170 3069 et
2213 3007 2510 3088 Origenes
2554 3015 2615 3068 et

408 3107 790 3190 Porphyrius,
834 3116 934 3171 aut
974 3110 1085 3189 ipsi
1130 3116 1332 3188 partes
1362 3107 1776 3170 christianismi
1816 3122 1926 3189 per
1968 3113 2201 3186 tempus
2246 3107 2433 3168 secuti
2473 3106 2610 3184 sint,

408 3213 510 3269 aut
550 3223 744 3268 novae
784 3206 938 3268 illius
979 3205 1288 3289 religionis
1333 3208 1750 3279 auctoritatem
1803 3206 2076 3269 omnibus
2120 3206 2344 3289 ingenii
2389 3205 2612 3268 viribus

409 3304 719 3366 debilitare
781 3304 1130 3369 studuerint.
1227 3306 1306 3367 At
1368 3323 1516 3369 vero
1573 3305 1765 3385 idem,
1836 3318 1956 3386 qu‘o
2015 3323 2193 3386 supra
2250 3302 2343 3366 usi
2371 3318 2611 3367 “sumus

409 3410 693 3480 auctore,
728 3402 976 3487 Roeper
1015 3402 1385 3467 Gedanensis
1428 3405 1465 3467 l.
1509 3402 1643 3487 hl)
1691 3403 2069 3483 felicissime,
2112 3409 2177 3464 ut
2218 3401 2389 3464 nobis
2433 3398 2610 3463 vide-

407 3507 533 3577 tur,
596 3501 772 3565 etiam
817 3500 932 3564 hoc
991 3510 1405 3584 argumentum
1460 3502 1796 3585 perfregit,
1849 3504 1940 3567 ‚ita
1981 3508 2047 3567 ut
2081 3502 2208 3584 Jam
2247 3500 2309 3577 in
2351 3500 2610 3563 futurum

405 3598 625 3661 nullius
670 3598 747 3661 sit
784 3601 1086 3663 momenti.
1171 3600 1290 3666 Sed
1332 3602 1748 3665 exscribenda.-
1771 3608 1950 3665 erunt
1988 3601 2118 3680 ipsa
2146 3598 2610 3683 Pseudolongini

402 3698 589 3760 verba
630 3705 776 3761 sect.
821 3698 921 3779 lx,
963 3699 1031 3760 9:
1094 3694 1333 3780 Ταύτῃ
1381 3698 1487 3765 καὶ
1537 3700 1568 3766 ὁ
1612 3700 1749 3764 τῶν
1790 3696 2131 3763 Ἰουδαίων
2177 3696 2608 3781 θεσμοθέτης

407 3791 549 3881 οὐχ
596 3795 628 3861 ὁ
674 3794 915 3882 τυχὼν
967 3795 1168 3885 ἁνὴρ,
1240 3795 1456 3881 ἐπειδὴ
1502 3800 1622 3878 τὴν
1679 3796 1805 3861 τοῦ
1868 3790 2059 3860 Salon
2107 3791 2390 3880 δύναμιν*
2428 3800 2607 3858 κατὰ

402 3892 521 3976 τὴν
579 3890 777 3976 ἀξίαν
856 3892 1207 3981 ἐχῲρησε,
1283 3895 1706 3985 κάξέφηνενρ.
1788 3888 1998 3964 εὐθὺς
2052 3891 2112 3957 ἐν
2178 3894 2261 3976 τῆ
2324 3892 2628 3979 εἰςβολῆ’

545 4113 598 4177 l)
638 4109 696 4163 In
739 4111 1146 4166 Schneidewini
1188 4078 1489 4185 Philologu
1530 4114 1574 4170 b
1623 4131 1713 4183 με.
1752 4118 1872 4173 620.
